2746 4560
668 209 709 272 16

152 396 201 450 661
236 393 331 471 61666
355 385 389 450 11
420 385 508 450 Ρ611.
534 383 589 450 Or.
619 392 865 470 praeceptorum
900 383 1096 448 distributio,
1154 383 1218 448 His

150 502 257 576 autem
280 493 360 558 locis
386 493 517 557 omnino
554 492 593 555 de
617 493 721 556 tribus
750 492 896 576 partibus
931 491 1009 555 artis
1038 490 1218 555 rhetoricae

150 623 215 664 non
239 600 357 684 agitur3
391 623 490 685 quam
525 622 590 663 non
618 599 721 663 solum
747 595 861 663 Cicero
889 599 924 661 in
945 597 1001 662 lib.
1027 598 1066 662 de
1091 621 1146 681 61.,
1183 608 1220 661 61

149 707 244 772 modo
269 707 418 790 vidimus,
445 718 477 771 et
494 703 700 789 Cornificius,
727 716 762 770 ut
784 717 897 770 notum
921 714 970 770 est
985 701 1039 787 (cf.
1063 708 1091 789 3,
1110 706 1140 788 8,
1161 707 1216 788 153

151 816 325 897 3,11,19;
352 815 527 898 3,16‚28;
552 816 631 897 4,1,
652 809 694 897 1),
733 815 766 877 in
794 815 936 898 quinque
964 824 1071 898 partes
1099 814 1218 877 tribue·

148 932 232 1004 runt,
259 921 316 986 sed
339 921 476 986 eandem
506 921 667 986 rationem
692 921 794 986 secuti
824 930 900 985 sunt
928 920 1073 1006 plerique
1097 916 1151 1002 (cf.
1178 920 1217 984 de

149 1028 215 1093 inv.
235 1031 262 1112 l,
282 1030 310 1112 7,
329 1029 363 1111 93
389 1025 500 1107 Quint.
520 1030 597 1112 3,3,
618 1023 666 1110 1),
696 1038 732 1091 61
761 1028 796 1091 11
825 1029 1042 1092 communium
1065 1050 1216 1113 praecep·

148 1148 254 1200 torum
278 1136 588 1219 commemoratione,
626 1135 731 1220 qualis
767 1136 805 1198 fit
829 1135 953 1200 duobus
989 1158 1070 1220 quae
1094 1158 1136 1199 ex
1159 1136 1215 1198 lib.

150 1243 189 1308 de
213 1266 258 1308 61.
283 1243 449 1307 attulimus
464 1243 554 1326 locis,
579 1265 620 1307 ne
636 1241 775 1327 vestigia
792 1241 924 1327 quidem
939 1243 1117 1327 tripertitae
1134 1265 1216 1328 quae

148 1351 183 1414 in
206 1349 294 1416 Part.
316 1348 371 1415 Or.
394 1357 443 1414 est
465 1348 662 1435 partitionis,
688 1359 856 1435 tamquam
880 1358 954 1413 ante
970 1346 1161 1415 Ciceronem
1185 1359 1219 1413 et

150 1453 360 1522 Cornificium
389 1466 466 1521 nota
499 1457 604 1540 fuerit,
641 1479 823 1540 agnoscere
855 1456 938 1520 velle
972 1457 1077 1521 liceat.
1136 1455 1215 1521 Veri

148 1564 247 1649 igitur
276 1573 325 1629 661
352 1562 553 1629 simillimum
577 1561 733 1629 Ciceroni
762 1563 801 1627 de
829 1563 915 1628 iusta
941 1562 1121 1628 rhetoricae
1145 1587 1216 1650 par·

148 1672 262 1736 titione
286 1671 453 1756 quaerenti
476 1671 545 1736 eius
569 1671 793 1736 collocationis
823 1694 886 1757 qua
916 1671 984 1756 ipse
1013 1680 1124 1754 antea,
1155 1672 1216 1735 etsi

149 1788 217 1844 tum
240 1778 280 1843 de
303 1780 449 1865 partibus
474 1778 638 1843 doctrinae
663 1776 842 1842 rhetoricae
869 1801 935 1843 non
963 1779 1134 1864 cogitabat,
1163 1779 1216 1842 bis

148 1909 225 1951 usus
249 1896 318 1950 erat
351 1886 385 1950 in
409 1893 551 1951 mentem
581 1885 712 1949 venisse
748 1894 780 1948 et
813 1884 889 1950 inde
925 1908 998 1949 eum
1032 1885 1210 1971 profectum

147 2017 265 2059 novam
288 1993 449 2080 partiendi
476 1993 635 2057 rationem
663 2015 762 2077 quam
792 1994 997 2079 exposuimus
1021 1994 1213 2058 instituisse.

149 2098 215 2166 Sed
239 2100 278 2165 de
301 2101 405 2187 prima
427 2101 600 2186 partitione
624 2101 703 2165 satis
728 2100 849 2165 dictum
874 2100 1009 2166 videtur.

501 2409 528 2470 Ι.
562 2409 610 2470 De
633 2409 671 2470 vi
694 2408 857 2470 oratoris.

239 2549 390 2651 Quinque
421 2566 520 2650 igitur
546 2589 598 2630 res
629 2588 709 2651 quas
738 2564 856 2632 habere
885 2564 981 2629 debet
1008 2572 1129 2646 orator,
1166 2563 1213 2626 in·
1312 2604 1313 2607 =

148 2673 341 2757 ventionem,
367 2673 623 2756 collocationem,
648 2672 876 2750 elocutionem,
901 2673 1070 2753 actionem,
1095 2692 1214 2734 memo·

147 2781 238 2864 riam,
260 2776 375 2845 Cicero
397 2781 431 2844 in
453 2781 511 2846 lib.
533 2779 572 2844 de
596 2803 641 2844 61.
663 2776 708 2863 (1,
727 2781 779 2862 31,
799 2775 877 2860 142)
901 2779 957 2843 uni
980 2779 1103 2843 notioni
1128 2778 1214 2842 subi·

149 2889 236 2954 ciens
260 2888 326 2954 vim
349 2891 483 2953 oratoris
507 2888 666 2969 nominat3
692 2910 755 2972 quo
780 2886 909 2950 nomine
929 2885 963 2949 in
979 2885 1213 2949 Partitionibus

147 3018 212 3060 non
236 2995 331 3060 modo
354 2995 458 3081 ipsam
482 2995 668 3059 facultatem
692 2993 864 3058 oratoriam
893 2992 1035 3078 appellat
1063 2991 1214 3057 sedeam

148 3112 271 3187 partem
300 3103 393 3167 artis,
413 3103 446 3166 in
476 3124 540 3186 qua
568 3101 607 3165 de
636 3100 697 3164 hac
726 3100 879 3164 facultate
906 3098 1072 3185 praecipit.
1120 3099 1215 3162 Nova

148 3210 245 3273 etiam
267 3210 300 3272 in
324 3209 557 3274 Partitionibus
581 3230 796 3293 eorumquae
822 3207 887 3270 vim
910 3207 1045 3270 oratoris
1070 3206 1214 3270 efficiunt

149 3316 332 3380 distributio
355 3316 511 3399 adfertur,
548 3338 612 3401 qua
634 3315 817 3378 rationibus
842 3335 924 3398 quae
947 3313 1031 3376 inter
1055 3335 1093 3378 ea
1115 3314 1212 3377 inter·

148 3423 264 3489 cedant
286 3424 466 3488 accuratius
483 3421 651 3508 explicatis
673 3421 714 3484 ad
729 3421 950 3485 inventionem
965 3419 1101 3485 refertur
1118 3421 1213 3485 collo·

148 3532 241 3615 catio,
278 3531 361 3596 actio
396 3531 562 3616 copulatur
598 3552 671 3593 cum
707 3527 900 3613 elocutione,
937 3527 1041 3613 iisque
1077 3536 1213 3613 quatuor

148 3641 238 3725 quasi
270 3649 391 3722 custos,
424 3647 461 3702 ut
487 3660 506 3702 a
533 3632 707 3700 Cornificio
737 3657 862 3720 quoque
889 3648 1022 3701 vocatur
1050 3631 1105 3719 (ad
1132 3632 1209 3696 Η61.

149 3748 247 3830 3,16,
270 3741 335 3830 28),
373 3746 466 3810 datur
500 3744 663 3809 memoria.
723 3740 813 3823 Quas
847 3743 882 3808 in
917 3752 1024 3828 partes
1060 3740 1210 3820 deinceps

147 3863 318 3940 praecepta
340 3863 512 3940 ponuntur.
