2746 4560
697 224 740 289 56

182 401 321 486 scriptae
359 402 424 464 iam
458 411 566 465 essent
589 399 793 484 Partitiones‚
824 411 931 466 tamen
962 424 1020 466 sua
1042 402 1157 466 relicta
1181 424 1254 466 sen·

182 509 298 591 tentia,
334 508 481 572 Panaetii
518 507 646 573 decreta
682 510 772 595 sequi
807 509 958 575 voluisse.
1004 508 1056 574 Ita
1084 532 1162 575 vero
1187 531 1253 594 qno

181 615 289 680 minus
314 615 492 680 iudicemus
516 616 615 679 verba
640 613 807 680 Ciceronis
831 615 1004 702 prohibent
1035 616 1183 698 dicentiS,
1217 638 1255 681 se

182 747 248 788 non
271 724 457 809 interpretis
481 747 612 788 munere
640 725 824 789 functurum
853 724 952 789 seda
976 721 1095 789 Stoicis
1120 748 1158 788 ea
1182 734 1255 788 tan-

181 840 250 894 tum
273 840 492 895 mutuaturum
516 854 597 916 quae
621 833 684 896 sibi
708 832 874 918 probanda
899 832 1068 896 videantur
1091 828 1136 915 (1,
1156 833 1187 914 2,
1206 827 1254 914 6).

180 937 323 1002 Probare
347 950 454 1002 autem
478 961 516 1002 ea
540 937 706 1002 dividendi
731 939 809 1003 vitia
837 961 917 1024 quae
951 939 1159 1024 exposuimus
1194 939 1254 1024 qui

179 1047 352 1131 potuisset,
390 1047 418 1111 si
445 1046 557 1110 eadem
584 1048 680 1132 paulo
704 1058 779 1111 ante
803 1058 868 1111 tam
898 1047 1068 1132 diligenter
1095 1068 1193 1130 quam
1218 1046 1255 1108 in

181 1153 414 1218 Partitionibus
443 1154 617 1219 evitasset?
663 1155 850 1240 Eodemque
878 1156 941 1219 alia
969 1165 1001 1221 et
1027 1154 1175 1219 breviore
1198 1154 1256 1217 via

182 1261 381 1326 adducimur.
428 1262 512 1326 Nam
549 1261 718 1344 colligatae
753 1263 838 1326 inter
865 1285 900 1328 se
924 1272 956 1326 et
978 1262 1163 1347 implicatae
1187 1262 1254 1325 vir·

181 1379 266 1432 tutes
290 1364 344 1450 (cf.
370 1367 409 1432 de
434 1368 485 1432 off.
513 1371 541 1450 1,
567 1370 596 1450 5,
625 1365 680 1450 15)
704 1370 821 1454 quibus
846 1369 985 1433 vinculis
1005 1369 1254 1453 rationibusque

182 1476 489 1559 constringerentur,
528 1472 642 1540 Cicero
679 1477 777 1540 variis
811 1477 890 1541 locis
923 1476 1091 1541 ostendere
1116 1485 1253 1539 conatus

184 1592 244 1646 est.
292 1581 553 1667 Temperantiam
577 1584 663 1646 enim
688 1594 719 1647 et
742 1585 774 1647 in
800 1584 855 1648 lib.
886 1584 925 1649 de
959 1585 1014 1649 fin.
1044 1584 1088 1665 (2,
1116 1584 1167 1660 14,
1193 1578 1253 1658 47)

182 1712 223 1753 ex
257 1688 390 1775 reliquis
426 1691 528 1754 tribus
564 1691 736 1754 virtutibus
772 1702 880 1776 aptam
915 1713 986 1756 esse
1014 1691 1126 1754 statuit
1157 1699 1190 1754 et
1219 1691 1253 1753 in

183 1795 278 1861 Tusc.
305 1796 421 1881 disput.
471 1793 514 1880 (3,
538 1798 567 1880 8,
588 1799 628 1862 16
646 1792 732 1882 sqq.)
760 1821 830 1861 eam
859 1797 998 1883 reliquas
1024 1807 1089 1862 tres
1114 1797 1252 1861 virtutes

182 1903 448 1989 complectentem
471 1916 503 1968 et
527 1906 745 1968 continentem
768 1906 869 1969 teneri
898 1906 938 1969 iis
963 1906 1079 1990 quibus
1104 1904 1253 1989 plerique

181 2019 332 2094 putarent
366 2011 523 2094 angustiis
558 2012 698 2096 negavit.
745 2011 788 2075 Et
816 2023 935 2092 tamen,
965 2011 1051 2096 quod
1078 2011 1154 2075 buic
1178 2034 1252 2075 sen·

182 2118 301 2183 tentiae
325 2140 421 2202 quam
444 2119 584 2182 maxime
607 2120 817 2204 repugnabat,
848 2128 1033 2183 consuetam
1056 2118 1253 2182 numerandi

180 2225 338 2288 rationem
374 2234 502 2289 secutus
532 2225 707 2289 earundem
730 2242 867 2310 quatuor
895 2225 1051 2291 virtutum
1077 2234 1254 2310 praecepta

182 2340 214 2394 et
237 2333 271 2395 in
294 2333 360 2396 illis
384 2332 476 2396 libris
502 2343 534 2397 et
557 2333 591 2397 in
615 2334 671 2398 lib.
697 2334 735 2397 de
757 2334 810 2397 off.
829 2333 999 2397 decantare
1014 2333 1180 2418 pergebat.
1213 2332 1253 2397 In

181 2438 414 2503 Partitionibus
439 2451 546 2505 autem
569 2464 633 2504 non
660 2440 756 2505 modo
779 2440 1020 2526 temperantiae,
1051 2462 1158 2524 aqua
1180 2449 1252 2504 tan·
1281 2528 1285 2539 .

182 2545 347 2609 tummodo
371 2546 574 2631 prudentiam
599 2548 765 2629 disiunxit,
802 2548 1058 2632 magnitudinem
1093 2547 1195 2611 animi
1220 2558 1253 2612 et
1356 2622 1358 2630 Ι

181 2653 339 2716 iustitiam
364 2654 467 2717 subici
492 2654 621 2717 volebat
645 2654 711 2736 sed,
749 2655 835 2739 quod
870 2678 968 2719 unum
997 2663 1252 2718 consentaneum

182 2770 260 2843 erat,
285 2759 326 2823 ad
349 2759 433 2823 banc
456 2761 614 2824 rationem
636 2772 806 2846 praecepta
830 2763 938 2825 omnia
967 2760 1142 2844 derigebat.

271 2867 438 2952 Expositis
473 2868 571 2951 igitur
606 2891 686 2953 quae
722 2868 762 2932 ad
799 2868 1060 2932 distributionem
1091 2868 1251 2932 virtutum

182 2977 334 3057 attinent,
371 2997 473 3060 pauca
505 2975 544 3039 de
573 2976 706 3061 reliquis
735 2999 844 3040 earum
867 2977 1048 3062 praeceptis
1077 2974 1250 3040 addantur.

181 3083 234 3146 Ac
261 3082 400 3166 primum
429 3082 469 3145 ad
497 3083 752 3166 magnitudinem
780 3083 880 3147 animi
905 3081 1019 3148 Cicero
1042 3083 1076 3146 in
1099 3082 1253 3148 Partitio-

181 3189 278 3253 nibus
307 3189 418 3271 refert,
454 3201 678 3274 praeterquam
706 3213 787 3275 quae
815 3191 849 3254 in
872 3191 944 3274 ipsa
967 3191 1138 3275 partitione
1163 3213 1252 3255 com-

182 3305 352 3379 memorat,
387 3298 559 3382 praecipue
588 3298 815 3361 liberalitatem
845 3299 879 3360 in
907 3321 968 3361 usu
989 3298 1155 3382 pecuniae.
1205 3301 1254 3362 At

182 3427 256 3469 oum
284 3403 406 3467 iustitia
433 3402 660 3467 liberalitatem
691 3405 725 3467 in
753 3404 845 3468 libris
876 3403 914 3468 de
943 3405 1058 3469 officiis
1083 3404 1253 3489 coniungit

182 3522 215 3576 et
241 3512 288 3575 ita
319 3509 451 3597 quidem
477 3519 512 3573 ut
539 3532 610 3574 eam
638 3511 789 3574 virtutem
814 3534 894 3595 qnae
919 3511 960 3575 ad
984 3512 1253 3576 communitatem

184 3620 270 3683 vitae
293 3618 453 3704 pertineat
475 3616 527 3680 bis
552 3616 676 3682 duabus
699 3618 845 3703 partibus
870 3629 1017 3682 constare
1046 3617 1133 3681 velit.
1183 3615 1253 3683 Sed

182 3736 341 3810 quatenus
367 3725 598 3811 benignitatem
621 3726 944 3810 benevolentiamque
967 3724 1146 3790 liberalitas
1164 3748 1253 3790 com·

183 3833 281 3918 plecti
307 3833 423 3898 dicitur
448 3833 500 3911 (cf.
518 3833 557 3897 de
574 3834 626 3897 off.
653 3836 682 3917 1,
709 3835 736 3917 7,
763 3835 819 3916 203
846 3835 875 3915 1,
902 3833 953 3914 14,
977 3833 1118 3917 42sqq.;
1147 3835 1251 3918 1,15‚

183 3941 224 4003 47
244 3936 340 4026 sqq),
369 3941 525 4006 hactenus
549 3965 613 4005 non
638 3951 687 4005 est
710 3941 796 4027 quod
819 3940 961 4005 iustitiae
985 3941 1047 4025 ipsi
1071 3963 1136 4004 non
1161 3943 1253 4008 subi·

184 4046 302 4131 ciatur,
339 4047 423 4132 quod
446 4048 482 4111 in
504 4047 738 4113 Partitionibus
762 4048 882 4111 factum
907 4069 977 4111 csse
1002 4056 1134 4132 apparet
1158 4048 1254 4114 boni-
