2746 4560
673 214 715 278 52

160 400 191 455 et
216 391 356 455 definita.
404 386 496 469 Quae
523 414 729 456 numerorum
759 391 922 455 distinctio
951 391 1019 455 iure
1047 400 1156 476 potest
1179 412 1229 453 re·

159 498 325 584 prehendi.
373 495 462 578 Quot
485 498 571 562 enim
594 508 670 562 sunt
693 498 813 563 diversi
842 498 1044 584 separatique
1069 498 1229 561 virtutum

159 605 275 689 fontes,
301 615 349 670 tot
372 627 432 669 nec
455 605 562 690 plures
586 607 706 691 primas
723 605 795 670 illas
816 607 951 670 virtutes
971 605 1084 670 haberi
1100 613 1232 690 oportet

160 713 201 777 ad
226 736 305 798 quas
342 713 484 797 reliquae
518 711 707 777 referantur.
753 711 797 776 Et
831 713 926 778 huius
954 712 1042 777 modi
1065 712 1230 776 rationem

161 817 276 885 Cicero
301 820 333 882 in
357 819 591 884 Partitionibus
616 821 761 904 sequitur
777 819 938 906 duplicem
955 820 1129 885 ostendens
1155 841 1230 884 esse

161 950 288 992 omnem
311 928 438 992 virtutis
462 929 528 991 vim
554 950 729 1013 omnesuqe
746 928 882 992 virtutes
900 927 942 992 ad
964 926 1172 1013 prudentiam
1197 935 1232 990 et

160 1035 407 1120 temperantiam
422 1034 537 1099 redire.
566 1035 679 1120 Neque
696 1035 781 1099 enim
794 1044 889 1118 recte,
908 1034 1136 1120 praetermissa
1147 1043 1229 1097 tem·

160 1143 308 1227 perantia
329 1142 539 1226 partibusque
565 1142 633 1206 eius
656 1142 819 1227 spectatis
845 1141 958 1206 eadem
974 1140 1230 1226 triplexpartitio

159 1249 194 1313 in
223 1247 455 1312 Partitionibus
484 1248 676 1331 intelligitur
704 1271 785 1334 quae
814 1249 847 1312 in
884 1248 940 1313 lib.
972 1247 1011 1312 de
1040 1247 1093 1312 off.
1122 1244 1169 1331 (2,
1196 1248 1229 1330 5,

161 1351 271 1437 18)¹²).
304 1354 376 1434 Quo
389 1356 473 1418 enim
490 1355 559 1418 iure
575 1357 820 1442 temperantiam
837 1355 1143 1442 praetermittimus?
1173 1354 1229 1418 An

160 1485 225 1525 non
258 1462 464 1546 perspicuum
499 1471 548 1526 est
582 1462 836 1547 magnitudinem
871 1463 970 1526 animi
1005 1462 1230 1546 iustitiamque

160 1591 224 1632 non
251 1567 312 1631 duo
338 1568 465 1632 virtutis
489 1569 649 1654 principia
678 1592 749 1634 esse
779 1570 843 1633 dici
872 1569 927 1634 sed
958 1569 997 1633 ad
1024 1593 1123 1632 unum
1146 1568 1229 1633 illud

160 1676 289 1739 initium
313 1675 424 1739 referri
449 1675 533 1760 quod
562 1676 595 1739 in
620 1676 825 1741 moderandis
855 1676 1087 1762 cupiditatibus
1111 1699 1227 1761 regen·

161 1782 275 1867 disque
300 1783 399 1846 animi
423 1783 564 1848 motibus
588 1795 734 1847 versetur
757 1781 864 1870 (por.
883 1785 912 1867 2,
932 1781 1007 1867 llil?
1041 1784 1167 1869 Neque,
1194 1793 1230 1848 ut

161 1899 247 1955 esset
269 1891 386 1975 triplex
415 1890 512 1954 etiam
540 1891 574 1954 in
602 1888 835 1956 Partitionibus
864 1891 1000 1954 fontium
1029 1889 1228 1973 distributio,

162 1998 294 2061 eaedem
318 2006 383 2061 tres
407 2007 514 2082 partes
539 1997 712 2061 evaderent
736 1999 874 2082 quaein
898 1998 953 2062 lib.
980 1997 1017 2062 de
1042 1997 1106 2081 off,
1144 2021 1229 2084 quae

161 2105 188 2169 si
213 2105 344 2168 omnino
368 2105 522 2168 virtutum
556 2105 740 2169 nominibus
777 2105 987 2190 appellentur,
1024 2128 1088 2169 una
1123 2105 1165 2170 de
1189 2105 1231 2170 iis

162 2213 343 2276 necessario
372 2213 617 2297 temperantiae,
649 2235 730 2297 quae
760 2213 792 2274 in
822 2212 1056 2277 Partitionibus
1084 2226 1230 2298 praeter·

160 2321 261 2383 missa
295 2319 404 2402 fuerit,
442 2321 571 2384 nomine
607 2320 792 2404 designetur
828 2317 881 2403 (cf.
910 2319 999 2384 Mad.
1024 2320 1065 2385 ad
1090 2318 1162 2387 Cic.
1188 2322 1230 2386 de

159 2428 215 2491 fin.
241 2427 271 2508 4,
291 2428 320 2508 2,
338 2428 383 2508 4).
436 2425 503 2492 Cur
539 2427 675 2514 denique
712 2429 817 2513 magis
853 2431 1083 2514 temperantiae
1118 2439 1230 2515 partes

161 2541 368 2596 numerentur
392 2555 487 2617 quam
504 2533 703 2618 prudentiae,
729 2558 824 2621 quam
841 2532 956 2600 Cicero
973 2535 1086 2599 eadem
1102 2538 1228 2601 ratione

161 2640 306 2725 partitur,
337 2662 400 2702 non
426 2639 588 2725 dispicias.
636 2643 828 2706 Accuratior
857 2653 907 2707 est
934 2643 1033 2727 igitur
1060 2643 1095 2707 in
1122 2642 1223 2708 Parti·

160 2747 302 2811 tionibus
327 2769 422 2831 quam
448 2747 480 2810 in
506 2747 561 2811 lib.
588 2747 626 2811 de
644 2747 695 2813 off.
713 2772 919 2813 numerorum
937 2750 1018 2815 ratio
1036 2772 1118 2835 quae
1142 2751 1227 2815 inter

161 2855 294 2919 virtutes
319 2854 512 2940 virtutisque
535 2855 695 2940 principia
718 2856 898 2920 intercedit.

248 2962 298 3026 De
333 2963 485 3047 bipertita
519 2973 627 3026 autem
655 2973 686 3027 et
716 2962 950 3049 quadripertita
973 2965 1102 3029 virtutis
1125 2966 1229 3050 parti-

160 3070 246 3133 tione
282 3070 467 3133 existimare
502 3092 566 3133 non
602 3092 771 3155 possumus
807 3071 871 3135 nisi
907 3071 1043 3155 singulis
1070 3073 1229 3137 virtutum

159 3175 344 3239 notionibus
381 3174 536 3239 enodatis.
583 3179 634 3240 Ac
668 3178 772 3262 prima
804 3177 934 3263 quidem
965 3179 1066 3243 virtus
1091 3179 1233 3244 scientia

160 3281 290 3365 verique
329 3282 557 3366 perspicientia
596 3284 785 3366 continetur,
827 3307 909 3369 quae
947 3286 1035 3349 notio
1074 3287 1233 3352 universa

161 3387 246 3474 apud
271 3384 461 3452 Ciceronem
484 3411 550 3451 non
575 3391 717 3453 variatur
744 3388 788 3475 (p.
814 3415 858 3455 or.
885 3393 936 3474 22,
963 3393 1019 3475 763
1050 3392 1170 3459 defin.
1196 3395 1228 3477 2,

162 3498 213 3580 14,
239 3497 295 3576 46;
321 3495 360 3560 de
384 3496 435 3560 off.
463 3500 490 3578 1,
517 3498 547 3579 5,
574 3492 639 3579 15).
675 3496 873 3582 Dispertitur
896 3513 1002 3564 autem
1026 3500 1106 3565 haec
1122 3502 1231 3567 virtus

159 3605 194 3669 in
217 3604 272 3669 lib.
300 3603 337 3667 de
361 3603 428 3669 inv.
446 3600 490 3686 (2,
509 3605 561 3688 53,
582 3599 659 3687 160)
682 3605 716 3669 in
739 3608 935 3690 memoriam,
961 3608 1230 3691 intellegentiam,

160 3712 405 3798 providentiam,
431 3713 465 3776 in
481 3712 714 3778 Partitionibus
738 3714 771 3777 in
795 3714 1229 3800 prudentiam'domesticam

161 3829 192 3882 ct
216 3819 354 3883 civilem.
401 3818 509 3884 Unam
533 3843 608 3905 ergo
636 3821 670 3884 in
693 3820 926 3887 Partitionibus
952 3819 1065 3886 Cicero
1090 3822 1129 3887 de
1152 3845 1230 3908 pru·

249 4047 281 4114 1²)
301 4046 342 4102 cf.
362 4045 397 4099 ad
416 4047 466 4102 loc.
487 4047 517 4103 G.
530 4047 561 4104 F.
575 4047 619 4102 W.
632 4049 749 4103 Mueller
765 4051 793 4103 in
813 4049 854 4103 ed.
874 4050 920 4105 lib.
941 4049 975 4104 do
994 4050 1037 4105 off.
1057 4068 1080 4106 a.
1102 4051 1181 4105 1882.
