2746 4560
691 224 731 288 76

174 400 209 465 in
231 400 464 467 Partitionibus
500 409 532 464 et
560 400 594 464 in
618 400 748 485 Topicis
783 400 1001 464 inveniuntur.
1047 398 1151 463 Immo
1175 404 1246 463 non‘

175 517 241 572 tam
264 509 424 573 similibus
448 508 482 572 in
505 507 567 572 hao
591 530 688 572 causa
710 508 891 593 praeceptis
913 529 1009 592 quam
1027 505 1249 570 dissimilibus

174 617 330 700 temporis
354 617 511 680 rationem
539 615 695 680 declarari
724 637 857 680 necesse
887 626 946 679 est.
997 612 1040 678 Et
1067 624 1177 678 tamen
1207 624 1244 676 ut

175 724 332 809 exemplis
356 723 550 808 quibusdam
577 722 737 788 indicetur
764 722 852 808 quali
882 721 1096 787 ratiocinandi
1124 743 1250 807 genere>

175 829 229 893 ille
254 831 303 893 vir
327 829 439 895 doctus
464 853 540 895 usus
565 831 620 913 sit,
654 831 927 915 comparationem
952 831 1021 894 eius
1050 829 1146 914 paulo
1170 851 1243 914 pro·

159 937 246 1022 ⁴pius
270 938 490 1021 inspiciamus,
537 935 664 1000 Laudat
687 937 786 1020 igitur
810 934 925 1002 Oicero
949 936 980 1000 in
1006 947 1141 1020 utroque
1157 936 1250 1000 libro'

173 1043 386 1109 Academiam
410 1066 569 1130 quamque
604 1044 693 1109 utilis
729 1045 771 1109 sit
807 1045 925 1109 oratori
961 1043 1102 1109 ostendit
1130 1039 1178 1128 (p.
1196 1066 1242 1108 or.

174 1152 324 1234 40,139;
350 1152 649 1234 or.3,12;4‚16;
676 1149 1241 1233 33‚118;cf.Pid.1.1.§9adn.

174 1260 240 1339 44).
288 1258 396 1339 Quid?
419 1259 500 1323 haec
523 1259 745 1323 tantummodo
770 1282 834 1323 uno
859 1259 967 1344 aliquo
988 1269 1132 1344 tempore
1149 1254 1245 1323 Oioe·

173 1367 261 1430 ronis
285 1366 346 1430 fuit
370 1367 552 1430 sententia?
597 1368 644 1429 At
668 1366 764 1430 simili
787 1365 884 1430 modo
901 1366 1140 1451 philosophiam
1157 1368 1244 1430 Aoa-

175 1473 332 1537 demioam
355 1472 505 1536 laudibus
522 1472 614 1536 effert
630 1473 662 1536 in
678 1473 761 1537 libro
787 1473 826 1536 de
842 1473 907 1537 fato
923 1471 968 1554 (2,
987 1468 1030 1555 3),
1056 1473 1111 1558 qui
1128 1472 1244 1537 eodem

174 1603 258 1644 anno
284 1580 422 1665 scriptus
446 1591 581 1665 estque
608 1579 738 1666 Topica.
786 1580 913 1645 Deinde
938 1581 1057 1646 similia
1081 1581 1244 1666 quaedam

173 1688 208 1751 in
230 1687 466 1752 Partitionibus
501 1684 567 1770 (23,
587 1683 643 1769 79)
678 1698 709 1752 et
744 1689 778 1751 in
814 1687 950 1753 Oratore
984 1685 1051 1770 (32,
1072 1689 1135 1752 113
1154 1684 1244 1773 sqq.)

175 1794 213 1858 de
249 1795 433 1880 eloquentia
467 1804 499 1858 et
534 1794 704 1858 dialectica
739 1796 889 1859 dicuntur
927 1792 981 1880 (cf.
1016 1794 1088 1859 Pid.
1125 1792 1240 1879 ibid.):

174 1912 265 1986 potes
289 1924 391 1987 paene
415 1902 527 1966 eadem
551 1904 586 1966 in
609 1903 681 1967 aliis
707 1899 873 1967 Ciceronis
901 1903 993 1968 libris
1023 1903 1140 1987 partim
1165 1912 1241 1967 ante

174 2010 352 2092 Oratorem,
377 2022 503 2096 partem
526 2020 599 2096 post
622 2034 696 2075 eum
718 2011 837 2076 librum
861 2011 989 2096 scriptis
1011 2010 1117 2094 legere
1132 2006 1241 2092 (Brut.

175 2120 324 2200 31,12Ο;
361 2118 400 2183 de
423 2120 479 2182 fin.
504 2120 534 2199 2,
552 2120 582 2200 6,
603 2120 657 2200 173
695 2118 734 2182 de
758 2119 810 2182 off.
831 2114 1062 2203 1,1‚3sqq.).
1122 2114 1243 2182 Oonfe·

174 2237 286 2289 runtur
310 2226 406 2290 etiarn
431 2248 513 2310 quae
537 2226 571 2289 in
595 2224 733 2290 Oratore
757 2235 789 2290 et
812 2225 846 2289 in
869 2224 1104 2289 Partitionibus
1129 2224 1169 2288 de
1193 2225 1243 2288 lu·

174 2333 316 2398 minibus
340 2334 510 2397 verborum
535 2344 566 2396 et
590 2333 787 2397 ornamentis
812 2334 1044 2398 sententiarum
1074 2331 1243 2417 disputan·

175 2451 226 2503 tur
250 2439 302 2516 (cf.
326 2440 397 2503 Pid.
422 2435 527 2523 ibid).
575 2438 648 2521 Sed,
675 2453 710 2505 ut
733 2464 773 2506 ex
796 2441 837 2505 iis
862 2464 943 2527 quae
967 2440 1241 2526 suprapersecuti

175 2569 285 2610 sumus
309 2558 450 2632 apparet,
475 2548 576 2611 multo
600 2550 703 2632 magis
728 2550 760 2612 in
787 2549 847 2613 hac
870 2559 961 2634 parte
985 2571 1058 2612 cum
1081 2547 1174 2613 libris
1201 2547 1244 2611 de

175 2663 299 2718 oratore
324 2653 442 2718 Orator
477 2677 573 2739 quam
608 2677 680 2718 cum
702 2655 937 2720 Partitionibus
974 2656 1143 2720 consentit.
1190 2655 1245 2719 Ea

176 2771 281 2826 autem
297 2784 379 2847 quae
396 2761 435 2825 de
449 2763 595 2827 moribus
612 2764 748 2826 oratoris
765 2763 983 2848 exprimendis
999 2762 1245 2848 praecipiuntur

175 2866 219 2955 (p.
237 2893 281 2933 or.
300 2872 329 2953 6,
348 2865 405 2951 22)
430 2869 586 2933 similiora
610 2880 685 2934 sunt
709 2893 819 2934 eorum
844 2893 923 2955 quae
947 2871 981 2934 in
1005 2870 1097 2934 libris
1115 2868 1154 2933 de
1171 2892 1245 2933 ora·

175 2988 243 3041 tore
278 2978 322 3059 (2,
339 2979 391 3059 43,
412 2978 475 3042 183
492 2973 578 3063 sqq.)
614 3000 710 3063 quam
745 3001 826 3063 quae
861 2980 895 3042 in
920 2975 1055 3042 Oratore
1090 2977 1246 3061 leguntur

175 3081 234 3166 (or.
261 3085 312 3165 37,
333 3085 409 3165 1283
435 3084 474 3147 cf.
496 3083 567 3148 Pid.
584 3081 688 3159 ibid.)
736 3086 805 3149 Neo
829 3084 933 3149 solum
956 3086 988 3148 in
1007 3084 1246 3150 Partitionibus

176 3200 207 3254 et
230 3191 263 3254 in
288 3189 423 3254 Oratore
447 3187 500 3272 (cf.
525 3190 597 3256 Pid.
623 3191 701 3256 ibid.
719 3192 794 3255 adn.
811 3187 868 3275 46)
894 3190 951 3256 sed
977 3192 1073 3256 etiam
1096 3190 1245 3257 inlibris

176 3297 216 3361 de
239 3308 364 3360 oratore
389 3298 598 3380 significatur,
627 3300 766 3362 maxime
795 3300 828 3362 in
852 3301 1055 3384 peroratione
1079 3321 1151 3363 esse
1176 3322 1246 3363 am·

174 3404 380 3490 plificatione,
420 3404 525 3487 qualis
561 3405 593 3467 in
617 3404 851 3470 Partitionibus
888 3406 1048 3489 definitur,
1087 3406 1247 3472 utendum

175 3509 228 3596 (de
253 3535 297 3576 or.
323 3513 352 3594 2,
371 3513 423 3593 81,
444 3513 520 3593 332;
551 3511 590 3578 cf.
621 3523 661 3576 et.
691 3535 721 3598 p.
753 3536 797 3577 or.
824 3514 854 3596 8,
872 3515 913 3579 27
945 3537 1017 3578 cum
1045 3514 1103 3578 lib.
1129 3513 1169 3577 de
1196 3538 1245 3582 or.

176 3621 205 3703 2,
225 3622 276 3703 ll,
296 3621 357 3684 311
376 3617 471 3705 sqq.)
504 3618 615 3685 Genus
636 3628 712 3685 vero
729 3621 938 3704 laudativum,
964 3622 1051 3707 quali
1069 3622 1250 3688 utebantur

176 3725 302 3810 Graeci,
327 3736 393 3791 tam
416 3728 451 3791 in
474 3727 566 3792 libris
584 3727 622 3793 de
640 3737 765 3792 oratore
782 3725 826 3812 (2,
843 3729 895 3811 84,
915 3725 993 3811 341)
1011 3728 1127 3792 dicitur
1145 3751 1259 3814 quam.

175 3834 208 3897 in
244 3833 379 3898 Oratore
414 3831 480 3919 (11,
499 3837 555 3918 373
593 3836 632 3900 cf.
661 3836 732 3900 Pid.
761 3835 840 3901 ibid.
866 3836 940 3902 adn.
965 3833 1022 3914 47)
1059 3835 1256 3918 delectandi

176 3963 273 4004 causa
300 3940 456 4006 adbiberi.
508 3943 622 4027 Neque
651 3965 688 4006 ea
716 3953 887 4028 praecepta
919 3966 1000 4029 quae
1027 3944 1062 4007 in
1090 3942 1251 4011 Partitio-

175 4048 271 4112 nibus
295 4045 460 4132 (30,106)
484 4048 523 4112 de
547 4072 663 4132 genere
687 4051 814 4114 infinito
843 4051 960 4114 dantur
982 4050 1110 4133 longius
1135 4053 1177 4116 ab
1205 4056 1251 4121 iis
