2746 4560
660 221 703 284 20

148 406 301 482 gumenta
322 398 395 483 ipsa
417 397 528 482 paucis
557 397 665 461 verbis
695 397 889 481 significata,
927 396 1067 481 quaein
1095 397 1214 460 multas

130 526 262 569 'causas
290 504 457 569 transferri
485 513 621 589 possunt
647 514 680 567 et
706 504 830 588 passim
857 504 922 567 loci
947 526 1131 567 communes
1160 527 1213 566 vo-

149 621 262 676 cantur
285 609 351 696 (33,
380 612 457 690 1153
489 612 540 693 36,
572 605 660 694 127).
708 608 773 675 Sed
809 611 928 675 diversi
965 622 1040 674 sunt
1074 612 1114 674 ab
1150 611 1215 673 alio

149 718 288 804 quodam
316 741 432 802 genere
461 718 604 782 locorum
633 719 850 782 communium
878 718 917 781 de
947 740 1009 802 quo
1043 717 1215 781 dicendum

149 827 210 891 erit
234 848 306 890 cum
330 825 369 889 de
391 826 571 910 praeceptis
596 826 856 911 amplificationis
878 825 1104 910 disputabitur.
1153 823 1217 896 Tot

148 935 247 1018 igitur
271 943 302 998 et
325 933 403 997 talia
422 933 455 996 in
476 933 709 997 Partitionibus
734 933 876 997 locorum
897 934 1069 996 insitorum
1086 956 1212 1016 genera.

148 1040 201 1105 Ex
224 1040 275 1105 his
299 1050 406 1104 autem
429 1039 651 1104 tantummodo
675 1039 864 1103 inveniendi
890 1040 952 1102 loci
983 1041 1036 1123 qui
1066 1040 1217 1103 dicuntur

149 1149 184 1211 in
207 1149 387 1232 praeceptis
411 1147 609 1211 inventionis
625 1156 817 1228 tractantur3
844 1148 908 1231 qui,
934 1170 1129 1232 quamquam
1149 1170 1216 1210 om-

148 1255 225 1318 nino
249 1255 284 1319 in
306 1254 363 1318 lib.
390 1253 428 1317 de
456 1254 521 1317 inv.
548 1253 783 1335 desiderantur,
821 1265 853 1317 et
879 1254 911 1316 in
941 1254 998 1317 lib.
1024 1253 1063 1317 de
1092 1277 1136 1317 or.
1163 1277 1217 1318 ex-

150 1372 312 1447 ponuntur
335 1371 367 1424 et
389 1362 422 1423 in
440 1358 581 1445 Topicis.
627 1362 740 1445 Neque
760 1362 794 1424 in
819 1360 869 1424 his
894 1361 985 1425 libris
1009 1384 1144 1446 usquam
1169 1363 1217 1424 in-

150 1466 301 1532 veniendi
325 1467 388 1530 loci
416 1467 632 1552 appellantur,
672 1490 734 1552 quo
765 1468 894 1531 nomine
924 1469 958 1531 in
980 1468 1216 1532 Partitionibus

151 1585 183 1640 et
203 1598 222 1638 a
242 1575 374 1658 reliquis
394 1574 474 1638 locis
497 1575 603 1638 insitis
624 1583 656 1638 et
675 1598 695 1638 a
713 1574 793 1639 locis
810 1575 989 1660 adsumptis
1007 1586 1219 1640 secernuntur

152 1682 327 1767 aptissime.
378 1680 482 1744 Iidem
510 1691 676 1766 praeterea
704 1682 767 1745 loci
796 1683 914 1766 singuli
946 1684 1000 1768 qui
1028 1684 1063 1746 in
1090 1683 1146 1747 lib.
1177 1682 1217 1746 de

151 1812 207 1871 or,
232 1788 364 1852 variatis
387 1810 562 1874 paucorum
585 1789 780 1870 nominibus,
806 1789 982 1874 eodemque
1007 1790 1127 1872 ordine,
1153 1790 1217 1854 nisi

151 1896 422 1981 consequentibus
446 1896 480 1959 in
504 1896 600 1959 aliam
625 1896 734 1959 sedem
757 1897 933 1979 translatis,
959 1898 993 1960 in
1011 1897 1139 1982 Topicis
1162 1920 1215 1961 ex-

150 2004 320 2088 plicantur.
366 2005 478 2089 Aqua
498 2003 641 2066 locorum
657 2003 857 2087 expositione
873 2004 919 2066 ita
934 2005 968 2067 in
986 2003 1218 2067 Partitionibus

152 2110 335 2192 disceditur,
361 2120 396 2173 ut
419 2111 543 2174 notatio
568 2120 600 2174 et
623 2111 854 2194 consequentia
871 2112 1067 2193 omittantur,
1095 2112 1217 2175 dissen-

152 2227 247 2281 tanea
269 2218 485 2301 adiungantur
508 2217 650 2302 ordoque
673 2218 817 2282 locorum
840 2218 934 2282 valde
954 2228 1104 2282 mutetur.
1153 2215 1218 2282 Sed

152 2325 274 2388 notatio
298 2325 331 2387 in
356 2323 576 2388 definitionem
594 2325 680 2389 cadit
696 2335 728 2388 et
744 2327 974 2410 consequentia
993 2322 1072 2410 (top.
1092 2327 1142 2407 12,
1160 2322 1219 2406 53)

153 2430 265 2494 eadem
287 2430 354 2494 fere
379 2440 453 2495 sunt
477 2453 558 2515 quae
582 2431 695 2495 effecta
719 2428 797 2517 (top.
818 2433 868 2514 18,
887 2428 953 2514 67).
1001 2433 1220 2497 Dissentanea

153 2548 259 2601 autem
281 2559 347 2600 non
371 2537 477 2601 minus
501 2537 564 2601 huc
579 2539 741 2623 pertinent
757 2561 853 2623 quam
869 2549 1095 2604 consentanea.
1133 2536 1218 2604 Con·

153 2644 301 2728 sultoque
326 2641 439 2708 Cicero
462 2645 496 2709 in
522 2645 731 2708 collocatione
754 2645 897 2709 locorum
925 2647 1048 2731 aliquid
1075 2648 1218 2728 novavit,

154 2775 226 2817 eum
250 2751 395 2815 ordinem
419 2774 557 2837 sequens
582 2774 644 2837 quo
667 2753 854 2818 tractandos
878 2753 1064 2817 inveniendi
1080 2755 1168 2818 locos
1185 2755 1219 2816 in

155 2860 397 2945 quaestionibus
420 2860 557 2924 infinitis
580 2860 716 2944 putabat
738 2858 786 2943 (3,
813 2855 857 2943 9).
911 2857 1096 2925 Concinunt
1121 2862 1221 2946 igitur

154 2967 304 3030 universa
337 2967 481 3030 locorum
514 2968 685 3031 insitorum
712 2968 836 3031 ratione
864 2968 940 3031 libri
969 2967 1008 3030 de
1033 2991 1077 3032 or.
1103 2978 1135 3032 et
1159 2967 1219 3032 To-

153 3073 236 3158 pica,
272 3073 389 3157 quibus
412 3074 607 3138 Partitiones
644 3075 870 3158 exquisitiores
906 3075 939 3137 in
974 3073 1036 3137 hac
1070 3084 1159 3159 parte
1189 3084 1221 3137 et

155 3180 369 3244 accuratiores
394 3181 572 3244 existimari
596 3203 729 3245 necesse
753 3192 811 3246 est.

475 3358 504 3420 2.
551 3357 606 3420 De
631 3357 897 3422 collocatione.

246 3497 399 3585 Sequitur
423 3499 600 3582 collocatio,
627 3499 716 3565 cuius
740 3502 774 3565 in
789 3501 1024 3566 Partitionibus
1049 3513 1221 3588 praecepta

156 3618 187 3672 et
215 3607 256 3672 ad
284 3607 488 3693 quaestiones
518 3607 661 3672 infinitas
690 3617 722 3672 et
749 3609 792 3674 ad
819 3611 882 3674 tria
909 3632 1079 3675 causarum
1102 3633 1221 3694 genera

156 3715 438 3779 accommodantur
461 3714 699 3801 dissimilesque
721 3716 756 3780 in
780 3739 895 3801 genere
918 3717 1062 3781 iudiciali
1078 3718 1219 3781 rationes

156 3822 351 3886 accusatoris
383 3831 415 3886 et
437 3823 484 3886 rei
509 3832 711 3908 exponuntur
734 3821 778 3906 (3,
804 3819 849 3905 9).
895 3825 935 3888 In
958 3824 1015 3888 lib.
1040 3823 1080 3886 de
1104 3845 1148 3885 or.
1173 3819 1218 3901 (2,

158 3928 208 4009 76,
229 3929 291 3992 307
309 3924 396 4013 sqq.)
412 3952 512 4012 genus
530 3954 629 3994 unum
644 3931 815 4016 respicitur
830 3930 990 3994 iudiciale.
1021 3927 1095 3992 Duo
1112 3935 1219 3990 autem

157 4034 397 4098 constituuntur
431 4035 652 4121 dispositionis
681 4037 782 4120 modi,
820 4058 956 4121 quorum
983 4036 1118 4099 alterum
1148 4033 1220 4118 ipsa
