2746 4560
715 235 757 304 74

199 413 398 480 mentatione
423 425 455 480 et
477 415 558 480 locis
586 414 767 501 adsumptis
796 409 840 501 (p.
865 413 1019 500 38sqq.),
1056 413 1096 478 de
1124 413 1273 499 partibus

199 523 412 609 perorationis
437 519 481 609 (p.
499 524 540 586 41
556 520 655 608 sqq.),
692 522 731 586 de
762 522 835 587 aliis
865 524 961 586 rebus
995 520 1214 607 compluribus
1237 521 1275 584 in

201 630 377 715 primisque
400 630 639 715 partitionibus.
686 629 779 694 Haec
803 629 911 695 omnia
936 629 1083 694 dubitare
1106 650 1172 693 non
1195 627 1275 692 licet

202 736 279 822 quin
308 736 499 801 emendandi
528 746 561 800 et
588 737 770 821 corrigendi
799 735 942 801 studium
973 736 1145 801 declarent.
1198 732 1273 814 Quo

202 844 308 908 studio
333 854 476 929 spectato
504 843 599 908 facile
629 867 668 908 ex
697 845 890 929 comparatis
915 843 1129 908 Partitionum
1154 852 1187 907 et
1211 841 1275 906 To·

106 959 108 963 ’
200 951 345 1036 picorum
379 953 559 1036 praeceptis
593 950 729 1015 iudicari
759 961 867 1036 potest
895 951 934 1015 de
963 951 1118 1036 temporis
1146 949 1273 1014 ratione

201 1058 285 1121 inter
308 1058 366 1122 hos
390 1058 518 1122 libellos
535 1057 763 1123 intercedente.
804 1057 948 1121 Primum
972 1058 1059 1122 enim
1074 1057 1272 1122 Partitiones

201 1165 378 1229 identidem
402 1176 434 1228 et
457 1164 609 1229 differunt
632 1188 651 1228 a
675 1164 805 1249 Topicis
830 1166 1080 1249 congruentibus
1105 1187 1179 1228 cum
1207 1188 1272 1229 uno

202 1282 257 1337 aut
279 1273 424 1358 pluribus
460 1282 533 1336 ante
569 1272 698 1357 scriptis
733 1273 826 1336 libris
863 1283 895 1337 et
923 1272 1055 1336 eaedem
1084 1272 1149 1336 illis
1179 1271 1273 1336 libris

200 1382 415 1445 accuratiores
444 1390 532 1461 sunt,
569 1380 654 1465 quod
691 1381 731 1444 iis
762 1379 962 1444 ostendimus
991 1401 1073 1465 quae
1108 1379 1273 1465 disputata

201 1497 276 1552 sunt
300 1487 339 1551 de
363 1488 467 1572 prima
489 1487 668 1552 rhetoricae
691 1488 864 1572 partitione
886 1482 930 1572 (p.
950 1488 993 1552 14
1006 1483 1100 1572 sqq.),
1126 1486 1167 1550 de
1190 1487 1271 1551 locis

200 1593 387 1659 inveniendi
412 1591 456 1679 (p.
476 1596 516 1658 19
531 1590 623 1680 sqq.),
651 1594 689 1658 de
712 1595 887 1659 virtutibus
908 1594 1059 1680 principii
1075 1590 1120 1678 (p.
1137 1589 1206 1675 29),
1234 1592 1272 1657 de

201 1701 359 1765 suavitate
382 1701 575 1765 narrationis
592 1698 636 1786 (p.
655 1702 721 1784 32),
749 1701 787 1765 de
804 1700 979 1765 definiendi
996 1701 1121 1765 ratione
1138 1697 1183 1786 (p.
1203 1696 1270 1781 37),

202 1807 241 1874 de
264 1809 395 1871 notione
419 1809 680 1893 amplificationis
696 1806 740 1894 (p.
758 1806 826 1891 42),
852 1808 891 1872 de
912 1809 1115 1873 coniecturae
1132 1816 1273 1872 tractan-

202 1914 261 1980 dae
285 1917 409 1979 ratione
433 1912 478 2002 (p.
499 1913 573 2000 47),
611 1917 649 1981 de
682 1917 855 2001 partitione
884 1917 953 1981 eius
989 1916 1115 1999 generis
1144 1915 1178 1978 in
1210 1937 1272 2000 quo

201 2023 295 2108 quale
319 2023 397 2108 quid
421 2025 464 2088 sit
487 2025 650 2108 quaeritur
673 2021 717 2109 (p.
735 2019 808 2105 48),
846 2023 886 2087 de
915 2021 1123 2107 comparandi
1146 2022 1273 2086 ratione

202 2153 283 2215 quae
324 2131 358 2194 in
399 2130 512 2195 eodem
543 2153 658 2216 genere
689 2130 874 2196 adhibenda
904 2130 947 2195 sit
973 2125 1091 2213 (ibid),
1118 2129 1158 2194 de
1183 2139 1275 2194 motu

201 2239 301 2302 animi
325 2235 369 2324 (p.
387 2236 459 2321 49),
493 2240 532 2303 de
562 2241 668 2304 causis
693 2239 938 2305 conficientibus
968 2234 1012 2324 (p.
1031 2234 1102 2319 62),
1140 2236 1180 2300 de
1221 2260 1274 2320 ge·

201 2346 332 2409 neribus
369 2367 538 2410 causarum
569 2347 604 2410 in
632 2370 714 2432 quae
744 2356 846 2411 status
877 2345 1024 2410 incidant
1051 2341 1094 2430 (p.
1114 2342 1186 2424 65),
1235 2344 1274 2408 de

202 2453 443 2517 continentibus
467 2475 583 2518 causae
607 2450 651 2540 (p.
670 2456 712 2520 66
737 2449 832 2539 sqq.),
859 2454 898 2517 de
921 2455 1123 2517 firmamento
1152 2447 1273 2534 (ibid).

201 2558 330 2623 Deinde
354 2583 417 2623 non
443 2583 554 2645 pauca,
580 2584 662 2646 quae
685 2585 705 2625 a
722 2559 880 2627 Cicerone
904 2584 969 2625 non
985 2568 1192 2645 exponuntur
1207 2559 1274 2624 nisi

200 2667 236 2731 in
258 2667 492 2732 Partitionibus
517 2670 605 2732 etin
630 2669 770 2754 Topicis,
799 2671 906 2734 minus
931 2670 964 2732 in
989 2668 1050 2732 boc
1073 2678 1150 2732 sunt
1174 2690 1273 2753 quam

200 2774 235 2838 in
257 2775 313 2838 illo
336 2775 446 2839 libello
475 2787 624 2840 accurata
652 2787 684 2840 et
712 2776 868 2861 expolita,
904 2785 941 2840 ut
969 2775 1099 2862 partitio
1127 2775 1274 2840 testimo·

200 2882 327 2946 niorum
365 2879 410 2968 (p.
441 2879 505 2965 19),
553 2892 588 2946 nt
632 2882 695 2947 loci
736 2883 778 2948 ad
816 2882 989 2947 definiendi
1028 2883 1189 2947 rationem
1223 2905 1275 2948 ac-

201 2989 394 3053 commodati
418 2986 462 3075 (p.
481 2987 551 3073 37),
578 3001 613 3054 ut
636 3013 674 3055 ea
698 2991 815 3076 quibus
844 2992 900 3076 qui
926 2993 984 3054 fiat
1007 3000 1041 3053 ut
1069 2991 1274 3075 propositum

200 3118 274 3180 pars
299 3098 341 3161 sit
366 3119 480 3161 causae
505 3098 683 3182 explicatur
706 3095 751 3182 (p.
768 3098 812 3162 45
826 3093 920 3183 sqq.),
950 3107 985 3161 ut
1008 3108 1181 3182 praecepta
1205 3098 1274 3183 qui·

200 3204 261 3267 bus
284 3204 369 3267 inter
393 3203 659 3289 disceptationem
684 3214 716 3268 et
740 3213 859 3269 statum
883 3226 965 3290 quae
989 3204 1070 3269 ratio
1090 3203 1275 3268 intercedat

201 3310 401 3392 significatur
413 3308 532 3396 (pel),
548 3324 582 3376 ut
597 3313 676 3377 iuris
690 3311 874 3377 distributio
887 3309 931 3399 (p.
941 3314 982 3378 72
997 3306 1093 3397 sqq.)
1119 3310 1164 3375 Et
1176 3334 1290 3397 quem¹

199 3418 331 3482 modum
360 3418 422 3482 duo
452 3441 534 3504 quae
563 3420 884 3484 commemoravimus
919 3442 1038 3502 genera
1066 3417 1275 3504 indiciorum,

200 3528 247 3591 sic
272 3527 368 3590 etiam
392 3525 449 3589 illa
472 3526 619 3610 vestigia,
645 3527 778 3612 quaein
796 3527 934 3591 diversis
951 3527 1058 3612 posita
1074 3536 1149 3591 sunt
1166 3528 1277 3594 modis

200 3634 317 3718 quibus
349 3633 383 3697 in
413 3632 543 3718 Topicis
579 3644 611 3697 et
638 3632 872 3698 Partitionibus
907 3632 1064 3720 propositi
1100 3644 1133 3698 et
1168 3646 1297 3721 statusq

199 3743 330 3806 nomina
353 3740 549 3805 inducuntur
571 3739 625 3825 (cf.
654 3764 707 3826 pp.
736 3743 788 3825 46,
815 3737 880 3825 64),
898 3742 1064 3828 postulant
1086 3750 1122 3805 ut
1138 3740 1280 3828 Topicis

199 3850 340 3913 medium
365 3851 504 3935 aliquem
528 3849 634 3913 locum
650 3851 735 3914 inter
750 3849 947 3915 Partitiones
964 3861 996 3915 et
1011 3850 1152 3935 reliquos
1168 3850 1273 3917 libro„

199 3956 415 4041 adsignemus.
462 3960 518 4022 An
542 3970 654 4021 contra
678 3957 764 4022 dicet
787 3957 914 4043 aliquis,
941 3955 1131 4023 Ciceronem
1147 3956 1260 4042 Topic
1291 3992 1301 4031 ι

202 4063 395 4128 scribentem
418 4065 518 4129 libros
544 4087 653 4129 secum
677 4087 742 4129 non
767 4063 920 4129 habuisse
944 4087 1048 4150 neque
1071 4085 1154 4149 quae
1176 4077 1260 4133 ante
