2746 4560
663 223 703 287 13

142 399 237 464 cendi
262 399 442 465 doctrinam
465 400 500 463 in
523 410 632 485 partes
656 410 722 465 tres
746 423 865 486 easque
886 400 953 465 vim
970 401 1115 483 oratoris,
1141 425 1210 466 ora·

140 508 271 590 tionem,
297 508 519 592 quaestionem
542 507 684 593 appellat
707 503 751 590 (1,
770 505 817 590 3);
855 530 935 593 quas
962 510 1083 593 primas
1111 509 1211 574 totius

142 614 222 678 artis
247 613 426 679 rhetoricae
450 624 557 699 partes
582 614 846 700 singularumque
870 638 979 680 earum
1002 617 1210 701 partitionem

141 722 327 786 nominibus
363 730 396 784 et
429 721 572 786 numeris
607 721 741 786 adiectis
777 723 810 785 in
847 745 911 786 uno
947 733 1121 809 conspectu
1156 746 1212 808 po·

141 851 262 893 nimus:

817 1041 840 1094 1.
860 1038 992 1108 Iuventio,
1012 1041 1037 1109 2,
1048 1043 1074 1094 b.

816 1129 841 1183 2.
862 1127 1020 1198 (1011000110,
1041 1130 1065 1197 3,
1079 1131 1104 1183 9.

502 1216 523 1273 Ι,
543 1217 591 1271 Vis
611 1217 733 1272 oratoris.
816 1219 841 1272 3.
860 1217 993 1286 Elocutio,
1013 1219 1095 1286 016.

816 1307 841 1361 4.
861 1307 951 1375 Actio,
971 1308 1041 1375 ’1,25.

816 1395 840 1450 5.
860 1394 999 1463 Memoria,
1019 1397 1089 1464 7,26.

150 1507 152 1511 ⁴
252 1477 351 1619 QX?
414 1567 420 1579 .
817 1522 842 1575 6.
862 1520 1035 1592 Plincipium,
1054 1522 1080 1588 8,
1093 1522 1136 1576 28.

174 1567 295 1621 d⁰⁰lf¹¹¹³
343 1566 430 1621 ⁰⁰¹¹d¹·
488 1653 565 1709 ΠΟ
611 1655 616 1666 .
817 1610 842 1663 r.
862 1608 995 1678 00000,
1016 1611 1041 1678 0,
1055 1611 1097 1665 31.

517 1698 523 1711 ·
567 1661 647 1709 ”ll
817 1698 842 1752 0.
862 1696 1045 1766 confirmatio,
1064 1701 1089 1766 9,
1103 1700 1146 1752 33.

817 1788 842 1841 3.
861 1785 1010 1854 Peroratio,
1032 1788 1073 1854 15,
1086 1789 1129 1841 52.

648 1957 654 1969 .
800 1913 842 1966 10.
863 1911 1044 1980 Propositum,
1064 1912 1106 1979 18,
1119 1912 1162 1965 62.

476 1957 523 2013 ΙΠ.
544 1958 682 2024 Quaestro.

231 2220 271 2283 In
294 2219 428 2304 reliquis
451 2220 544 2284 libris
571 2216 685 2284 Cicero
710 2242 870 2304 nusquam
894 2219 1053 2304 tripertito
1077 2218 1211 2282 rhetori·

145 2347 217 2389 cam
246 2325 421 2390 distribuit.
469 2326 673 2391 Adulescens
709 2327 796 2390 enirn
830 2327 1001 2412 plerosque
1037 2327 1211 2412 scriptores

144 2441 272 2495 secutus
301 2433 443 2518 quinque
479 2432 574 2498 huius
610 2433 800 2518 disciplinae
835 2442 943 2520 partes
979 2456 1050 2499 esse
1086 2435 1208 2518 statuit,

142 2539 376 2622 inventionem,
426 2540 683 2624 collocationem,
732 2541 962 2620 elocutionem,
1009 2543 1209 2625 memoriam,

142 2646 303 2710 actionem
337 2641 391 2730 (de
414 2646 479 2713 inv.
500 2651 528 2730 1,
548 2649 577 2731 7,
595 2643 640 2730 3).
695 2647 745 2713 De
782 2650 899 2734 quibus
931 2650 1077 2735 partibus
1114 2673 1211 2714 unam

142 2753 276 2818 omnino
322 2754 363 2819 iis
409 2754 503 2820 libris
550 2778 633 2840 0000
679 2754 719 2820 de
764 2757 952 2821 inventione
990 2757 1212 2821 inscribuntur

142 2885 161 2925 a
199 2884 233 2926 se
277 2884 348 2926 esse
391 2871 563 2928 tractatam
606 2864 760 2928 extremis
806 2863 939 2928 secundi
981 2864 1057 2928 libri
1101 2865 1211 2929 verbis

141 2970 237 3054 plane
266 2970 437 3053 significat.
490 2969 554 3036 His
583 2980 690 3035 autem
718 2971 916 3036 inventionis
945 2972 1125 3056 praeceptis
1155 2994 1213 3036 eas

141 3098 269 3161 quoque
293 3086 400 3162 partes
426 3077 650 3163 complectitur
674 3101 753 3164 quas
778 3079 813 3143 in
835 3078 1070 3143 Partitionibus
1094 3079 1210 3144 oratio·
1301 3069 1306 3091 ¹

141 3205 216 3247 nem
241 3194 272 3247 et
296 3185 518 3269 quaestionem
541 3187 696 3250 nominat.
743 3188 853 3271 Atque
875 3186 971 3250 etiam
994 3186 1029 3250 in
1051 3185 1145 3252 libris
1170 3186 1210 3250 de

142 3299 266 3353 oratore
289 3291 450 3356 rationem
474 3292 603 3356 dicendi
628 3293 662 3358 in
687 3293 829 3379 quinque
845 3293 960 3358 tribuit
975 3304 1098 3378 partes3
1124 3294 1210 3379 quod

143 3419 183 3461 ex
206 3397 357 3462 universa
379 3400 572 3464 tractatione
597 3410 629 3464 et
657 3400 762 3465 exiis
787 3422 869 3486 quae
893 3400 1015 3487 passim
1040 3399 1079 3465 de
1103 3400 1209 3486 operis

143 3503 354 3589 dispositione
379 3503 529 3569 dicuntur
552 3517 694 3592 apparet.
742 3506 861 3572 Primis
887 3509 974 3572 enim
991 3508 1115 3572 duabus
1139 3506 1210 3571 rhe-

141 3611 262 3675 toricae
285 3612 431 3696 partibus
466 3612 623 3677 absolutis
647 3615 811 3679 Antonius
848 3614 1036 3699 exposuisse
1072 3613 1213 3678 sedicit

143 3719 221 3805 quid
245 3718 284 3783 de
307 3719 495 3783 inventione
520 3730 551 3783 et
575 3720 788 3785 collocatione
812 3721 947 3786 sentiret
971 3719 1074 3805 deque
1090 3743 1208 3785 merno-

141 3827 189 3891 ria
223 3849 295 3892 esse
330 3825 557 3890 adiuncturum
580 3822 624 3910 (2,
643 3828 696 3907 85,
715 3822 804 3909 350).
855 3823 910 3891 Sic
946 3828 1037 3912 quasi
1067 3838 1209 3893 creatum

143 3943 304 3999 oratorem
328 3930 448 4000 Crasso
473 3943 505 3998 et
528 3933 732 3999 vestiendum
763 3943 795 3998 et
828 3933 1008 4000 ornandum
1035 3935 1135 4000 tradit
1162 3933 1207 4020 (2,

143 4042 195 4126 28,
216 4037 303 4126 123).
350 4042 383 4106 10
407 4041 506 4126 igitur
521 4042 556 4106 in
572 4041 666 4106 tertio
682 4042 767 4129 libro
784 4043 955 4129 praecipue
972 4043 1011 4109 de
1028 4044 1209 4108 elocutione
