2746 4560
666 241 707 306 38

153 441 206 484 sus
237 419 365 483 diversa
393 429 468 482 sunt
495 420 536 483 ab
564 419 604 483 iis
636 442 715 504 quos
741 419 807 483 dixi
832 416 1092 503 reprehendendi
1117 417 1219 482 modis

151 523 206 608 (de
230 527 294 590 inv.
322 529 350 608 1,
375 527 428 608 42,
456 526 496 590 78
514 526 607 612 sqq.)·
654 527 723 590 Nec
753 549 829 590 vero
856 526 889 588 in
918 525 991 590 illos
1015 523 1132 589 modos
1155 548 1219 589 ma·

151 633 234 696 teria
265 632 524 717 reprehensionis
561 643 709 697 accurate
745 632 957 697 distribuitur.
1008 632 1107 697 Alter
1135 633 1219 696 enim

153 740 192 804 de
220 740 262 803 iis
290 740 422 805 subesse
451 740 547 805 debet
574 742 679 805 tertio.
726 741 811 804 Nam
840 740 865 803 si
898 739 1079 825 complexio
1106 740 1219 803 confici

152 857 301 930 negatur,
338 849 391 933 qui
417 849 577 913 secundus
602 859 734 913 vocatur
758 848 886 931 modus,
923 846 962 911 de
986 846 1105 912 vitioso
1130 871 1219 933 argu·

151 955 358 1020 mentationis
383 979 508 1041 genere,
534 957 589 1040 qui
613 956 727 1019 tertius
751 955 866 1019 modus
883 966 941 1038 est,
967 954 1083 1038 agitur.
1118 950 1218 1032 Quar-

152 1069 203 1125 tus
227 1071 348 1145 autem,
385 1085 447 1147 quo
477 1064 712 1146 argumentatio
735 1064 829 1126 firma
853 1063 916 1126 alia
940 1063 1218 1145 argumentatione

151 1191 252 1254 aeque
287 1172 380 1234 firma
410 1180 465 1234 aut
493 1172 633 1235 firmiore
658 1180 897 1256 compensatur,
934 1169 1017 1233 nihil
1047 1169 1218 1254 reprehen-

151 1277 251 1341 sionis
286 1277 393 1341 habet.
444 1276 540 1341 Hanc
567 1278 666 1360 igitur
693 1277 851 1341 rationem
880 1273 994 1341 Cicero
1022 1276 1216 1341 Partitiones

151 1383 296 1446 scribens
332 1392 461 1447 secutus
495 1407 560 1447 non
589 1396 638 1448 est
667 1383 724 1448 sed
753 1394 925 1468 praecepta
956 1381 1217 1467 reprehensionis

150 1489 196 1552 ita
220 1488 432 1554 conformavit
457 1501 490 1554 ut
512 1492 625 1576 primis
650 1491 689 1555 de
713 1492 956 1556 confirmatione
980 1489 1065 1556 datis
1089 1513 1217 1576 respon·

152 1594 273 1679 demut,
300 1597 385 1682 quod
409 1607 511 1661 totum
534 1600 645 1662 fictum
669 1608 725 1662 aut
745 1598 863 1663 falsum
884 1607 971 1662 esset
990 1593 1024 1678 (ἓ
1041 1593 1101 1678 44)
1126 1598 1217 1661 certis

149 1725 258 1767 rerum
281 1705 366 1769 notis
391 1703 425 1786 (ἓ
443 1701 499 1787 34)
523 1714 554 1768 et
578 1706 677 1769 simili
701 1705 796 1769 modo
818 1707 886 1769 veri
903 1704 1065 1769 similibus
1082 1727 1123 1769 ea
1139 1728 1217 1791 quae

149 1809 231 1874 falso
260 1834 317 1896 pro
344 1813 413 1876 veri
441 1812 602 1876 similibus
628 1822 839 1876 sumerentur.
880 1813 931 1895 Et,
962 1834 1058 1896 quem
1088 1812 1133 1876 ad
1156 1835 1218 1876 mo-

150 1917 227 1981 dum
252 1919 287 1981 in
311 1920 554 1983 confirmatione
583 1931 771 1984 coacervata
798 1919 949 2005 ponenda
977 1941 1048 1983 esse
1078 1920 1127 1984 ait
1151 1916 1214 2004 (11,

149 2019 219 2107 40),
249 2026 296 2088 sie
319 2027 480 2090 contraria
502 2026 627 2090 ratione
651 2027 684 2090 in
708 2027 969 2112 reprehensione,
1001 2038 1035 2089 ut
1067 2028 1218 2092 universa

149 2130 349 2215 frangantur,
374 2133 548 2197 incidenda
572 2156 643 2198 esse
667 2133 804 2216 singula.
840 2133 932 2197 Haec
955 2133 1053 2215 igitur
1078 2134 1119 2198 de
1141 2134 1218 2200 loeis

150 2240 361 2303 confirmandi
387 2250 418 2304 et
442 2240 697 2326 reprehendendi
723 2241 971 2326 praecipiuntur.

238 2344 288 2409 De
323 2337 513 2412 tractatione
547 2349 753 2412 inventorum
790 2370 871 2432 quae
903 2347 1019 2410 dantur
1045 2361 1220 2435 praecepta

152 2452 301 2536 bipertito
326 2452 513 2517 dividuntur
541 2457 693 2539 spectatis
719 2456 843 2520 duobus
867 2455 1011 2518 locorum
1035 2451 1080 2538 (2,
1108 2452 1146 2538 5)
1170 2479 1219 2542 ge·

30 2591 35 2612 ·.
149 2559 281 2622 neribus
305 2555 371 2643 (13,
401 2561 543 2644 45-13,
569 2563 626 2643 47,
654 2564 705 2645 14,
730 2563 871 2644 48-14,
899 2559 965 2642 bl).
1014 2563 1219 2647 Argumenta

150 2687 213 2750 quo
237 2665 331 2729 modo
355 2667 524 2731 tractanda
548 2669 612 2732 sint
636 2669 860 2753 praescribunt
883 2669 957 2732 libri
975 2668 1013 2732 de
1030 2670 1219 2735 inventione

149 2769 193 2854 (1,
221 2774 272 2857 31,
298 2769 459 2859 blsqq.);
495 2776 644 2839 tractatio
681 2777 776 2839 etiam
812 2776 1069 2839 testimoniorum
1103 2778 1137 2840 in
1163 2778 1218 2842 lib.

150 2880 189 2943 de
213 2904 257 2946 or.
282 2878 326 2964 (2,
352 2883 404 2965 27,
432 2877 510 2961 118)
538 2905 598 2947 nec
626 2892 734 2946 tamen
758 2884 791 2946 in
816 2883 966 2947 universa
989 2887 1219 2969 praeceptione

149 2989 350 3054 tractationis
375 2986 418 3073 (2,
443 2990 496 3072 41,
525 2987 602 3073 177)
626 2992 861 3076 perstringitur.
910 2990 1055 3054 Primum
1086 3003 1137 3056 est
1161 2993 1218 3076 igi·

148 3104 200 3157 tur
228 3097 266 3159 de
295 3098 492 3181 argumentis
522 3099 691 3163 dicendum
720 3122 857 3184 quorum
884 3100 1090 3184 potissimum
1115 3100 1219 3186 expli-

149 3204 233 3266 catio
257 3205 436 3289 appellatur
460 3208 693 3288 argumentatio
722 3203 788 3289 (13,
814 3204 881 3289 45).
929 3208 1041 3291 Neque
1065 3209 1219 3272 observa·

148 3309 236 3372 tione
264 3310 433 3395 indignum
462 3311 589 3375 videtur
612 3313 687 3377 huic
711 3314 782 3377 voci
811 3315 1099 3398 argumentationis
1125 3312 1219 3380 Cice·

148 3439 259 3480 ronem
283 3418 316 3480 in
340 3417 572 3482 Partitionibus
597 3443 692 3482 unam
718 3421 848 3484 omnino
872 3445 940 3485 rem
965 3420 1125 3505 subicere,
1166 3447 1219 3488 ex·

148 3525 356 3611 plicationem
391 3527 571 3610 argumenti
600 3527 668 3591 sive
697 3528 943 3612 argumentandi
972 3528 1146 3611 rationem,
1185 3532 1218 3595 in

70 3669 72 3673 ,
147 3633 204 3698 lib.
236 3633 275 3698 de
302 3634 368 3699 inv.
397 3657 462 3697 non
491 3635 561 3698 sine
591 3634 777 3700 confusione
806 3660 857 3700 res
887 3637 979 3718 duae,
1012 3646 1081 3698 tum
1109 3638 1220 3722 ipsum

53 3821 56 3828 .
147 3740 314 3805 inventurn
339 3737 391 3826 (ef.
421 3745 448 3825 1,
476 3743 527 3825 23,
553 3743 609 3824 44;
637 3749 665 3825 1,
691 3745 743 3827 40,
771 3741 841 3827 74),
878 3754 944 3806 tum
970 3744 1095 3806 inventi
1120 3768 1219 3832 expo·

147 3846 294 3912 litionem
318 3845 371 3931 (of.
399 3855 426 3931 1,
452 3852 504 3932 40,
534 3851 589 3931 74;
617 3853 644 3933 1,
672 3852 723 3933 37,
749 3852 790 3916 67
817 3846 901 3933 eet).
949 3851 1018 3914 Iam
1047 3872 1219 3934 argumen-

148 3953 306 4019 tationem
330 3965 362 4019 et
385 3958 500 4020 confici
524 3956 613 4020 iubet
637 3968 669 4021 et
693 3957 848 4042 distingui
866 3959 934 4023 sive
950 3957 1069 4021 variari
1087 3957 1145 4038 (ἐξ
1163 3961 1217 4045 46,

147 4055 217 4142 47).
260 4060 305 4125 Et
326 4061 361 4124 in
385 4063 440 4126 lib.
466 4062 505 4127 de
528 4064 604 4147 inu,
631 4066 849 4150 compluribus
873 4065 911 4129 de
936 4070 1219 4148 argumentatione
