2746 4560
663 266 707 330 40

147 455 256 509 monet
271 454 445 530 praeterea,
464 452 499 507 ut
514 442 675 507 interdum
692 442 911 522 concludatur,
937 442 1017 507 alias
1033 441 1097 506 alio
1113 450 1220 506 trans·

148 562 246 635 eatur,
279 573 374 637 saepe
403 573 468 615 non
491 560 688 636 proponatur
716 549 773 614 sed
796 550 920 614 ratione
947 550 1019 634 ipsa
1043 548 1221 613 adferenda

148 658 226 745 quid
261 656 504 744 proponendum
533 657 630 722 fuerit
658 656 849 740 declaretur,
886 679 924 720 ea
957 657 1003 721 ita
1032 665 1221 742 comparata

148 776 223 832 sunt
246 775 281 830 ut
304 789 368 830 non
393 765 431 829 de
455 765 528 829 aliis
553 763 747 850 quibusdam
770 765 942 847 generibus
967 763 1025 828 sed
1047 763 1086 828 de
1103 763 1218 828 eodem

149 873 235 960 quod
257 874 396 959 primum
421 873 622 956 significatur
645 894 761 956 genere
782 870 937 936 variando
955 871 1017 936 dici
1036 871 1217 935 videantur.

150 979 242 1062 Quae
266 991 373 1045 autem
397 980 496 1064 addit,
521 981 610 1066 prius
636 979 891 1044 confirmandum
915 1002 996 1062 esse,
1022 980 1119 1044 sicui
1138 978 1219 1064 quid

149 1088 253 1152 simile
275 1088 373 1170 dicas,
398 1098 467 1151 tum
483 1087 723 1171 adiungendum
740 1086 825 1172 quod
842 1097 964 1171 agatur,
989 1086 1069 1151 haec
1085 1085 1216 1171 quidem

149 1196 189 1260 ad
212 1195 432 1260 inductionem
461 1206 618 1280 spectant.
665 1194 844 1259 Definierat
872 1195 957 1258 enim
982 1191 1097 1259 Cicero
1122 1203 1221 1258 antea

150 1302 202 1382 (de
226 1304 291 1366 inv.
319 1306 347 1383 1,
374 1305 426 1375 31,
451 1298 508 1383 51)
532 1302 752 1366 inductionem
776 1302 954 1366 orationem
978 1324 1049 1366 esse
1074 1323 1138 1386 qua
1161 1301 1219 1364 ali-

149 1409 228 1495 quid
252 1409 347 1473 alicui
371 1410 562 1494 probaretur
578 1420 707 1494 propter
724 1409 968 1473 similitudinem
985 1432 1094 1472 earum
1110 1431 1220 1472 rerum

151 1517 268 1601 quibus
292 1516 381 1600 prius
407 1514 614 1579 adsensisset.
648 1515 692 1579 Et
715 1538 810 1600 quem
835 1515 1029 1579 admodum
1053 1516 1220 1580 Antonius

150 1623 238 1709 prius
263 1622 518 1686 confirmandum
542 1622 628 1705 dicit,
654 1623 701 1687 sic
725 1624 822 1686 etiam
845 1623 880 1686 in
904 1623 1083 1708 praeceptis
1108 1632 1159 1686 est
1183 1623 1221 1686 li-

154 1731 285 1793 brorum
316 1728 354 1792 de
382 1729 581 1810 inventione,
618 1730 757 1814 primum
785 1752 883 1814 opera
911 1729 1004 1793 detur
1028 1740 1062 1792 ut
1085 1751 1221 1794 necesse

153 1837 195 1900 sit
218 1835 253 1900 id
284 1836 459 1900 concedere
484 1835 568 1921 quod
592 1857 649 1920 per
673 1836 918 1900 similitudinem
942 1836 1123 1900 inducatur.
1166 1836 1222 1900 In·

152 1943 259 2008 ductio
284 1955 390 2007 autem
415 1945 566 2028 quoniam
590 1943 718 2028 proprie
741 1943 775 2006 in
796 1942 1021 2028 interrogando
1038 1953 1070 2007 et
1085 1966 1222 2029 respon·

151 2050 255 2116 dendo
279 2052 415 2115 vertitur
439 2049 492 2132 (de
517 2052 582 2115 inv.
610 2054 637 2134 1,
664 2051 716 2132 32,
742 2045 813 2133 54),
850 2051 956 2115 minus
987 2049 1099 2115 estad
1125 2073 1222 2115 usum

152 2160 326 2224 oratorium
362 2157 612 2222 accommodata.
661 2156 757 2238 Quod
792 2169 901 2222 tamen
936 2159 968 2221 in
1004 2158 1066 2222 hoc
1101 2180 1225 2240 genere

154 2267 329 2329 maximum
359 2276 409 2329 est
436 2266 568 2348 oratori,
605 2276 640 2329 ut
664 2288 727 2350 quo
752 2265 986 2349 argumentatio
1011 2274 1134 2350 spectet
1158 2267 1224 2350 pri·

154 2395 238 2435 mum
267 2394 333 2434 non
361 2372 535 2456 aperiatur,
572 2372 606 2435 id
635 2374 669 2436 in
693 2374 794 2436 altero
819 2373 904 2457 quod
927 2373 960 2435 in
984 2372 1226 2438 Partitionibus

152 2478 281 2563 ponitur
304 2480 560 2543 ratiocinationis
586 2503 703 2562 genere
720 2492 879 2561 servatur3
905 2481 995 2544 cuius
1013 2480 1141 2564 generis
1158 2482 1225 2566 pri·

153 2583 276 2648 mordia
299 2607 338 2647 ea
360 2584 511 2648 videntur
533 2585 634 2649 fuisse
658 2609 739 2671 quac
764 2587 804 2650 ab
820 2588 965 2650 Antonio
982 2586 1164 2651 referuntur
1181 2588 1226 2651 ad

150 2691 430 2755 ratiocinationem
455 2691 657 2774 variandam,
694 2704 730 2755 ut
753 2716 849 2777 saepe
873 2717 937 2757 non
961 2703 1161 2778 proponatur
1185 2718 1227 2760 ac

151 2799 274 2863 ratione
298 2800 369 2884 ipsa
393 2798 568 2863 adferenda
591 2799 668 2884 quid
693 2799 936 2884 proponendum
960 2800 1056 2864 fuerit
1080 2799 1227 2866 declare-

152 2920 212 2971 tur.
259 2908 328 2971 Nec
353 2929 445 2971 secus
469 2907 503 2970 in
527 2907 568 2971 iis
592 2907 772 2991 praeceptis
802 2929 883 2992 quae
907 2907 947 2970 ad
972 2909 1225 2990 argumentatio·

152 3037 226 3077 nem
253 3014 442 3078 variandam
471 3015 633 3099 pertinent
660 3012 727 3098 (13,
753 3010 810 3096 41)
838 3016 1021 3099 progressio
1051 3011 1227 3082 Ciceronis

153 3120 350 3204 deprehendi
374 3131 488 3206 potest.
536 3120 711 3185 Distinctio
741 3123 827 3185 euim
851 3130 883 3185 et
906 3123 1045 3186 varietas
1070 3123 1104 3185 in
1127 3146 1224 3206 argu·

153 3225 327 3290 mentando
353 3227 477 3291 duobus
501 3228 607 3292 modis
632 3227 716 3292 effici
741 3228 866 3310 dieitur,
892 3229 918 3292 si
943 3239 1133 3292 ornamenta
1150 3253 1226 3295 sen-

152 3333 324 3397 tentiarum
349 3332 562 3398 adhibeantur
587 3345 618 3397 et
642 3334 818 3398 similitudo
839 3335 1035 3420 inpartibus
1052 3359 1225 3420 argumen-

153 3441 285 3515 tationis
320 3441 512 3505 inducendis
547 3443 674 3506 vitetur.
722 3440 773 3504 De
803 3442 902 3506 altero
926 3443 988 3507 hoc
1012 3443 1107 3507 modo
1131 3447 1226 3510 etin

152 3549 207 3615 lib.
239 3548 278 3613 de
305 3549 371 3614 inv.
402 3544 446 3631 (1,
471 3551 524 3631 41,
552 3545 608 3631 lb)
643 3558 675 3613 et
702 3550 736 3612 in
763 3549 819 3613 lib.
850 3549 889 3613 de
917 3573 961 3614 or.
992 3545 1036 3632 (2,
1062 3552 1114 3633 41,
1143 3550 1227 3636 117)

153 3656 274 3721 dictum
299 3668 357 3721 est.
403 3656 448 3720 Et
471 3657 635 3722 Antonius
659 3656 814 3721 hactenus
844 3657 941 3720 etiam
965 3657 1094 3721 dicendi
1118 3681 1225 3741 genus

152 3765 282 3849 attingit
305 3775 340 3828 ut
363 3764 568 3850 interpuncta
583 3774 843 3849 argumentorum
860 3764 1050 3828 occultanda
1066 3788 1137 3829 esse
1154 3790 1225 3832 mo-

153 3880 237 3935 neat.
284 3871 334 3935 Ea
362 3882 469 3936 autem
493 3871 712 3955 distinguendi
740 3871 822 3935 ratio
846 3893 927 3956 quae
950 3895 1067 3956 genere
1092 3872 1226 3940 dicendi

154 3978 335 4042 continetur
374 3990 501 4043 tantum
535 3981 569 4042 in
598 3979 833 4043 Partitionibus
866 3978 953 4042 valet
980 3989 1015 4042 ut
1044 3979 1112 4064 pari
1146 3981 1226 4066 iugo

155 4105 228 4148 cum
252 4084 355 4148 altera
382 4086 439 4151 illa
467 4087 591 4150 ratione
614 4087 752 4169 lugetur.
799 4087 1089 4170 Argumentatione
1113 4097 1233 4154 autem.
