2746 4560
696 227 712 291 7

170 405 250 470 sisse
274 400 437 487 scimus4),
475 426 556 488 quae
580 412 754 489 praecepta
778 400 927 468 Ciceroni
953 402 1030 488 quin
1054 403 1136 467 bene
1160 412 1237 467 nota

168 513 296 595 fuerint,
321 535 387 577 non
412 519 461 576 est
486 512 570 596 quod
596 511 770 576 dubitetur.
809 511 853 576 Et
877 534 916 575 ex
941 533 977 575 eo
1002 509 1088 596 quod
1112 510 1154 574 ad
1177 533 1236 574 nos

142 619 144 625 ’
169 620 316 707 pervenit
338 621 518 704 fragmento
542 619 619 685 libri
643 617 769 702 Graeci,
801 619 856 704 qui
880 620 1003 683 ratione
1027 619 1166 704 quadam
1189 617 1237 682 in·

169 727 354 812 terrogandi
379 736 410 791 et
432 726 649 811 respondendi
674 727 869 812 compositus
894 737 926 789 et
949 750 966 790 e
989 726 1132 791 fontibus
1153 722 1237 790 Stoi-

170 836 216 900 cis
241 835 403 898 derivatus
428 830 538 917 erat5),
575 833 733 919 suspicari
759 856 930 919 possumus
955 831 1148 899 Ciceronem
1171 833 1238 897 iam

171 965 230 1006 sua
259 951 363 1005 aetate
392 941 511 1006 librum
535 942 673 1027 aliquem
700 940 860 1006 Graecum
888 941 987 1005 simili
1010 942 1134 1004 ratione
1164 962 1237 1004 con-

171 1050 327 1135 scriptum
350 1049 482 1114 vidisse.
519 1048 593 1135 Ipse
618 1058 784 1134 praeterea
806 1048 841 1111 in
856 1049 958 1111 Bruto
982 1043 1049 1130 (60,
1068 1048 1133 1112 218
1150 1043 1237 1132 sqq.)

170 1156 290 1220 librum
307 1152 457 1220 Curionis
483 1164 722 1239 commemorat,
747 1157 867 1241 inquo
893 1155 1081 1240 scriptorem
1106 1176 1141 1218 se
1166 1176 1238 1217 cum

169 1262 237 1326 filio
262 1272 293 1326 et
317 1285 389 1326 cum
405 1261 514 1326 Pansa
538 1263 774 1348 colloquentem
796 1262 912 1326 fecisse
936 1283 1127 1346 omnemque
1146 1260 1238 1323 illum

170 1392 351 1435 sermonem
379 1394 396 1434 e
424 1372 667 1456 percontatione
695 1371 755 1434 filii
784 1370 915 1433 ductum
938 1392 1009 1434 esse
1033 1369 1088 1432 ait.
1135 1367 1239 1431 Erant

171 1486 277 1541 autem
301 1479 363 1541 tria
386 1477 466 1541 haec
491 1478 639 1562 exempla
663 1477 820 1542 eiusmodi
844 1488 878 1541 ut
903 1478 1073 1541 coniuncta
1097 1475 1237 1560 aliquem

170 1583 211 1648 ad
240 1607 311 1648 eam
340 1585 460 1668 dialogi
483 1586 640 1649 rationem
665 1607 760 1669 quam
784 1583 906 1648 habent
928 1583 1123 1648 Partitiones
1147 1583 1238 1646 insti·

169 1691 321 1756 tuendam
344 1692 510 1776 impellere
534 1700 676 1778 possent.
725 1689 808 1757 Cum
831 1693 930 1774 igitur
952 1691 1035 1754 nihil
1059 1700 1150 1754 extra
1174 1711 1238 1754 ser·

170 1822 297 1864 monem
323 1823 342 1863 a
364 1810 455 1884 patre
480 1823 552 1864 cum
575 1801 643 1864 filio
667 1799 814 1864 habitum
839 1800 972 1881 dicatur,
997 1808 1074 1862 nota
1098 1797 1238 1879 dialogo·

168 1929 240 1970 rum
264 1907 462 1971 cousuetudo
486 1931 551 1971 non
576 1909 655 1972 satis
679 1909 714 1971 in
738 1907 799 1972 hoo
822 1908 932 1972 libello
950 1908 990 1971 ab
1007 1905 1238 1990 interpretibus

170 2035 329 2097 perpensa
363 2015 505 2078 breviter
539 2015 799 2098 recognoscenda
829 2024 890 2095 est3
927 2037 990 2099 qua
1019 2012 1237 2097 colloquentes

171 2142 266 2205 saepe
290 2120 486 2184 inducuntur
510 2122 564 2205 qui
588 2131 732 2205 tempore
757 2122 925 2204 designato
950 2144 1014 2185 una
1030 2144 1095 2183 non
1110 2119 1239 2182 luerunt

172 2228 279 2312 iisque
315 2237 349 2290 ut
385 2227 471 2290 dicta
499 2228 685 2291 tribuuntur
713 2250 794 2313 quae
823 2250 999 2312 numquam
1027 2227 1179 2290 dixerunt
1208 2234 1239 2289 et

171 2356 252 2417 quae
280 2335 376 2418 plane
405 2344 480 2398 suut
507 2336 583 2398 ficta
610 2347 776 2420 tamquam
799 2336 885 2398 facta
907 2334 1089 2400 referuntur
1112 2355 1238 2419 quaque

170 2464 236 2504 non
263 2441 370 2504 minus
399 2441 500 2505 libere
529 2451 656 2527 tempus
684 2443 791 2529 ipsum
819 2443 975 2508 sermonis
1001 2442 1166 2526 deligitur,
1204 2448 1239 2504 ut

171 2557 226 2611 aut
249 2547 336 2611 idem
361 2548 404 2612 sit
427 2549 512 2633 quod
536 2558 662 2634 tempus
688 2551 850 2615 scribendi
874 2559 929 2613 aut
952 2550 993 2613 ab
1018 2573 1055 2614 eo
1079 2556 1238 2613 remotum

172 2654 270 2740 idque
291 2664 346 2718 aut
362 2657 452 2720 brevi
469 2657 648 2741 intervallo,
673 2657 811 2722 velutin
827 2657 941 2733 Brut0,
966 2666 1021 2720 aut
1036 2657 1115 2721 satis
1131 2656 1236 2739 longo,

174 2763 262 2827 velut
291 2764 324 2827 in
352 2764 445 2828 libris
471 2763 509 2827 de
534 2775 668 2847 oratore,
699 2774 754 2828 aut
776 2774 866 2829 tanto
890 2774 925 2828 ut
949 2764 990 2828 ad
1014 2772 1150 2828 aetatem
1176 2785 1240 2847 qua

171 2870 316 2935 nondum
340 2872 477 2957 scriptor
500 2883 595 2936 natus
620 2873 662 2936 sit
684 2871 842 2954 redeatur,
868 2871 956 2935 velut
979 2872 1013 2934 in
1030 2868 1153 2935 Catone
1169 2867 1239 2932 Ma·

172 2979 249 3042 iore.
281 2980 351 3043 Nec
376 2979 480 3044 solum
504 2981 538 3043 in
561 3003 708 3044 sermone
733 2981 787 3065 qui
812 2980 983 3065 exponitur
1005 2979 1075 3064 ipso
1099 2977 1152 3042 hic
1168 2999 1238 3041 mos

173 3085 372 3169 dialogorum
402 3099 535 3173 apparet
563 3088 619 3152 sed
647 3088 810 3151 interdum
837 3087 934 3150 etiam
961 3087 996 3150 iu
1023 3086 1064 3150 iis
1092 3107 1174 3170 quae
1198 3085 1238 3149 ab

174 3214 210 3256 eo
251 3205 374 3258 secreta
413 3196 569 3280 prooemii
609 3195 679 3259 loco
715 3203 878 3280 ponuntur
908 3190 962 3277 (cf.
993 3192 1096 3259 Acad.
1130 3187 1237 3279 post).

173 3299 338 3364 Audaciae
363 3311 469 3366 autem
494 3303 589 3387 paulo
614 3303 721 3365 minus
746 3302 827 3366 tales
851 3301 972 3367 habent
994 3300 1144 3365 licentiae
1166 3322 1239 3363 cum

173 3405 201 3469 is
226 3407 281 3489 qui
306 3409 418 3472 scribit
442 3409 587 3491 omnino,
624 3410 687 3473 nisi
711 3410 856 3494 partibus
879 3409 913 3472 in
939 3409 1066 3492 dialogo
1091 3407 1237 3493 sumptis,

174 3535 214 3575 ex
242 3535 299 3576 sua
326 3536 464 3598 persona
491 3539 557 3580 non
585 3516 741 3600 loquitur3
778 3538 841 3600 qua
868 3526 977 3580 tamen
1008 3516 1132 3579 ratione
1160 3536 1238 3577 non·

172 3642 349 3704 numquam
383 3643 460 3685 vera
495 3645 568 3686 cum
595 3624 679 3687 fictis
712 3624 758 3686 ita
785 3625 1019 3708 permiscentur
1047 3632 1079 3685 et
1108 3621 1238 3684 confun-

262 3796 283 3860 4)
304 3794 344 3850 cf.
363 3795 401 3850 M.
415 3795 525 3849 Catonis
552 3804 660 3866 praeter
686 3795 786 3848 librum
814 3794 848 3848 de
870 3813 899 3850 ro
916 3795 1017 3848 rustica
1036 3813 1105 3867 quae
1124 3802 1238 3866 exstant,

174 3884 216 3940 ed.
235 3885 269 3940 ab
293 3885 327 3940 H.
346 3884 453 3940 Iordan.
473 3884 548 3956 Lips.
563 3885 640 3953 1860,
661 3904 707 3955 pp.
722 3883 758 3939 cl
777 3890 803 3938 et
822 3886 865 3940 80.

263 3977 284 4043 ⁵)
304 3975 344 4030 cf.
358 3975 390 4031 L.
404 3973 531 4046 Spengel.
546 3973 624 4028 Rhet.
639 3973 685 4030 Gr.
698 3974 732 4028 ll.
746 3993 773 4043 p.
787 3975 801 4028 1
816 3994 875 4047 sqq.
897 3981 924 4029 et
941 3975 1012 4031 Mus,
1024 3974 1109 4032 Rhen.
1123 3995 1147 4031 a.
1162 3977 1238 4044 1863,

170 4082 198 4133 p.
212 4064 272 4120 490.
