<?xml version="1.0" encoding="UTF-8"?>
<!DOCTYPE html PUBLIC "-//W3C//DTD XHTML 1.0 Transitional//EN"
    "http://www.w3.org/TR/xhtml1/DTD/xhtml1-transitional.dtd">
<html xmlns="http://www.w3.org/1999/xhtml" xml:lang="en" lang="en">
 <head>
  <title>
</title>
<meta http-equiv="Content-Type" content="text/html;charset=utf-8" />
  <meta name='ocr-system' content='tesseract 3.04.00' />
  <meta name='ocr-capabilities' content='ocr_page ocr_carea ocr_par ocr_line ocrx_word'/>
</head>
<body>
  <div class='ocr_page' id='page_1' title='image "./deciceronispart00mercgoog_0049.png"; bbox 0 0 2746 4560; ppageno 0'>
   <div class='ocr_carea' id='block_1_1' title="bbox 684 261 727 324">
    <p class='ocr_par' dir='ltr' id='par_1_1' title="bbox 684 261 727 324">
     <span class='ocr_line' id='line_1_1' title="bbox 684 261 727 324; baseline 0 0"><span class='ocrx_word' id='word_1_1' title='bbox 684 261 727 324; x_wconf 87' lang='grc'><strong>42</strong></span> 
     </span>
    </p>
   </div>
   <div class='ocr_carea' id='block_1_2' title="bbox 171 433 1248 950">
    <p class='ocr_par' dir='ltr' id='par_1_2' title="bbox 171 433 1248 950">
     <span class='ocr_line' id='line_1_2' title="bbox 171 433 1248 523; baseline -0.004 -20"><span class='ocrx_word' id='word_1_2' title='bbox 171 437 238 520; x_wconf 87' lang='grc'>(26,</span> <span class='ocrx_word' id='word_1_3' title='bbox 265 433 322 520; x_wconf 87' lang='grc'><strong>98)</strong></span> <span class='ocrx_word' id='word_1_4' title='bbox 345 437 518 523; x_wconf 79' lang='lat' dir='ltr'><strong>partitione</strong></span> <span class='ocrx_word' id='word_1_5' title='bbox 542 437 756 523; x_wconf 80' lang='lat' dir='ltr'>perorationis</span> <span class='ocrx_word' id='word_1_6' title='bbox 787 437 908 502; x_wconf 90' lang='lat' dir='ltr'><strong>omissa</strong></span> <span class='ocrx_word' id='word_1_7' title='bbox 935 436 974 501; x_wconf 90' lang='lat' dir='ltr'><strong>de</strong></span> <span class='ocrx_word' id='word_1_8' title='bbox 997 459 1062 500; x_wconf 90' lang='lat' dir='ltr'><strong>una</strong></span> <span class='ocrx_word' id='word_1_9' title='bbox 1084 435 1155 519; x_wconf 90' lang='lat' dir='ltr'><strong>agit</strong></span> <span class='ocrx_word' id='word_1_10' title='bbox 1179 457 1248 500; x_wconf 89' lang='lat' dir='ltr'><strong>am-</strong></span> 
     </span>
     <span class='ocr_line' id='line_1_3' title="bbox 171 539 1247 631; baseline -0.003 -22"><span class='ocrx_word' id='word_1_11' title='bbox 171 545 378 631; x_wconf 89' lang='lat' dir='ltr'><strong>plificatione.</strong></span> <span class='ocrx_word' id='word_1_12' title='bbox 425 545 531 610; x_wconf 91' lang='lat' dir='ltr'><strong>Huius</strong></span> <span class='ocrx_word' id='word_1_13' title='bbox 555 546 645 609; x_wconf 87' lang='lat' dir='ltr'><strong>varia</strong></span> <span class='ocrx_word' id='word_1_14' title='bbox 669 554 718 609; x_wconf 93' lang='lat' dir='ltr'><strong>est</strong></span> <span class='ocrx_word' id='word_1_15' title='bbox 740 555 772 609; x_wconf 90' lang='lat' dir='ltr'><strong>et</strong></span> <span class='ocrx_word' id='word_1_16' title='bbox 795 545 883 609; x_wconf 89' lang='lat' dir='ltr'><strong>notio</strong></span> <span class='ocrx_word' id='word_1_17' title='bbox 908 554 940 609; x_wconf 93' lang='grc'><strong>61</strong></span> <span class='ocrx_word' id='word_1_18' title='bbox 962 543 1148 629; x_wconf 74' lang='lat' dir='ltr'><strong>appellatio,</strong></span> <span class='ocrx_word' id='word_1_19' title='bbox 1190 539 1247 607; x_wconf 87' lang='lat' dir='ltr'><strong>Sic</strong></span> 
     </span>
     <span class='ocr_line' id='line_1_4' title="bbox 172 649 1245 737; baseline -0.003 -21"><span class='ocrx_word' id='word_1_20' title='bbox 172 654 259 717; x_wconf 90' lang='lat' dir='ltr'><strong>enim</strong></span> <span class='ocrx_word' id='word_1_21' title='bbox 293 653 327 716; x_wconf 90' lang='lat' dir='ltr'><strong>in</strong></span> <span class='ocrx_word' id='word_1_22' title='bbox 355 653 588 717; x_wconf 83' lang='lat' dir='ltr'><strong>Partitionibus</strong></span> <span class='ocrx_word' id='word_1_23' title='bbox 614 653 764 717; x_wconf 90' lang='lat' dir='ltr'><strong>definitur</strong></span> <span class='ocrx_word' id='word_1_24' title='bbox 790 661 823 716; x_wconf 90' lang='lat' dir='ltr'><strong>ut</strong></span> <span class='ocrx_word' id='word_1_25' title='bbox 847 652 1055 737; x_wconf 91' lang='lat' dir='ltr'><strong>amplificatio</strong></span> <span class='ocrx_word' id='word_1_26' title='bbox 1079 651 1124 715; x_wconf 90' lang='lat' dir='ltr'><strong>sit</strong></span> <span class='ocrx_word' id='word_1_27' title='bbox 1147 649 1245 714; x_wconf 84' lang='lat' dir='ltr'><strong>adfir-</strong></span> 
     </span>
     <span class='ocr_line' id='line_1_5' title="bbox 172 758 1246 845; baseline -0.003 -22"><span class='ocrx_word' id='word_1_28' title='bbox 172 761 271 824; x_wconf 86' lang='lat' dir='ltr'><strong>matio</strong></span> <span class='ocrx_word' id='word_1_29' title='bbox 296 759 452 845; x_wconf 85' lang='lat' dir='ltr'><strong>quaedam</strong></span> <span class='ocrx_word' id='word_1_30' title='bbox 476 759 584 842; x_wconf 90' lang='lat' dir='ltr'><strong>gravis</strong></span> <span class='ocrx_word' id='word_1_31' title='bbox 609 760 677 824; x_wconf 90' lang='lat' dir='ltr'><strong>sive</strong></span> <span class='ocrx_word' id='word_1_32' title='bbox 701 759 936 843; x_wconf 81' lang='lat' dir='ltr'><strong>argumentatio</strong></span> <span class='ocrx_word' id='word_1_33' title='bbox 959 758 1136 823; x_wconf 85' lang='lat' dir='ltr'><strong>vehemens</strong></span> <span class='ocrx_word' id='word_1_34' title='bbox 1160 779 1246 842; x_wconf 89' lang='lat' dir='ltr'><strong>quae</strong></span> 
     </span>
     <span class='ocr_line' id='line_1_6' title="bbox 173 859 1244 950; baseline -0.004 -18"><span class='ocrx_word' id='word_1_35' title='bbox 173 867 363 932; x_wconf 90' lang='lat' dir='ltr'><strong>admotum</strong></span> <span class='ocrx_word' id='word_1_36' title='bbox 391 868 489 931; x_wconf 90' lang='lat' dir='ltr'><strong>animi</strong></span> <span class='ocrx_word' id='word_1_37' title='bbox 526 867 752 931; x_wconf 90' lang='lat' dir='ltr'><strong>concitandum</strong></span> <span class='ocrx_word' id='word_1_38' title='bbox 788 867 895 931; x_wconf 89' lang='lat' dir='ltr'><strong>valeat</strong></span> <span class='ocrx_word' id='word_1_39' title='bbox 929 862 995 950; x_wconf 83' lang='lat'><strong>(15,</strong></span> <span class='ocrx_word' id='word_1_40' title='bbox 1021 868 1080 942; x_wconf 90' lang='grc'><strong>53;</strong></span> <span class='ocrx_word' id='word_1_41' title='bbox 1118 865 1148 946; x_wconf 90' lang='grc'><strong>8,</strong></span> <span class='ocrx_word' id='word_1_42' title='bbox 1176 859 1244 946; x_wconf 82' lang='grc'>21).</span> 
     </span>
    </p>
   </div>
   <div class='ocr_carea' id='block_1_3' title="bbox 172 972 1248 4173">
    <p class='ocr_par' dir='ltr' id='par_1_3' title="bbox 172 972 1248 4173">
     <span class='ocr_line' id='line_1_7' title="bbox 172 972 1244 1060; baseline -0.005 -20"><span class='ocrx_word' id='word_1_43' title='bbox 172 976 211 1040; x_wconf 92' lang='lat' dir='ltr'><strong>In</strong></span> <span class='ocrx_word' id='word_1_44' title='bbox 234 975 291 1040; x_wconf 91' lang='lat' dir='ltr'><strong>lib.</strong></span> <span class='ocrx_word' id='word_1_45' title='bbox 316 976 355 1039; x_wconf 93' lang='lat' dir='ltr'><strong>de</strong></span> <span class='ocrx_word' id='word_1_46' title='bbox 379 977 445 1039; x_wconf 88' lang='lat' dir='ltr'><strong>inv.</strong></span> <span class='ocrx_word' id='word_1_47' title='bbox 470 975 549 1039; x_wconf 92' lang='lat' dir='ltr'><strong>illud</strong></span> <span class='ocrx_word' id='word_1_48' title='bbox 575 974 660 1060; x_wconf 92' lang='lat' dir='ltr'><strong>quod</strong></span> <span class='ocrx_word' id='word_1_49' title='bbox 684 985 715 1038; x_wconf 90' lang='grc'><strong>61</strong></span> <span class='ocrx_word' id='word_1_50' title='bbox 740 974 813 1039; x_wconf 91' lang='lat' dir='ltr'><strong>aliis</strong></span> <span class='ocrx_word' id='word_1_51' title='bbox 837 975 917 1039; x_wconf 90' lang='lat' dir='ltr'><strong>locis</strong></span> <span class='ocrx_word' id='word_1_52' title='bbox 942 974 1030 1038; x_wconf 89' lang='lat' dir='ltr'><strong>etin</strong></span> <span class='ocrx_word' id='word_1_53' title='bbox 1057 972 1175 1058; x_wconf 91' lang='lat' dir='ltr'><strong>primis</strong></span> <span class='ocrx_word' id='word_1_54' title='bbox 1212 973 1244 1036; x_wconf 91' lang='lat' dir='ltr'><strong>in</strong></span> 
     </span>
     <span class='ocr_line' id='line_1_8' title="bbox 172 1079 1244 1168; baseline -0.003 -22"><span class='ocrx_word' id='word_1_55' title='bbox 172 1083 350 1167; x_wconf 88' lang='lat' dir='ltr'><strong>perorando</strong></span> <span class='ocrx_word' id='word_1_56' title='bbox 374 1082 584 1168; x_wconf 85' lang='lat' dir='ltr'><strong>permovendi</strong></span> <span class='ocrx_word' id='word_1_57' title='bbox 613 1104 710 1146; x_wconf 89' lang='lat' dir='ltr'><strong>causa</strong></span> <span class='ocrx_word' id='word_1_58' title='bbox 734 1091 904 1168; x_wconf 89' lang='lat' dir='ltr'><strong>usurpetur</strong></span> <span class='ocrx_word' id='word_1_59' title='bbox 926 1092 994 1145; x_wconf 90' lang='lat' dir='ltr'><strong>tum</strong></span> <span class='ocrx_word' id='word_1_60' title='bbox 1017 1079 1244 1165; x_wconf 85' lang='lat' dir='ltr'><strong>indignatione</strong></span> 
     </span>
     <span class='ocr_line' id='line_1_9' title="bbox 173 1185 1242 1275; baseline -0.001 -22"><span class='ocrx_word' id='word_1_61' title='bbox 173 1200 205 1253; x_wconf 90' lang='lat' dir='ltr'><strong>et</strong></span> <span class='ocrx_word' id='word_1_62' title='bbox 228 1191 457 1275; x_wconf 82' lang='lat' dir='ltr'><strong>conquestione</strong></span> <span class='ocrx_word' id='word_1_63' title='bbox 481 1188 525 1272; x_wconf 91' lang='lat'><strong>(1,</strong></span> <span class='ocrx_word' id='word_1_64' title='bbox 544 1190 596 1272; x_wconf 95' lang='grc'>53,</span> <span class='ocrx_word' id='word_1_65' title='bbox 622 1192 686 1254; x_wconf 94' lang='grc'><strong>100</strong></span> <span class='ocrx_word' id='word_1_66' title='bbox 702 1185 787 1275; x_wconf 89' lang='lat' dir='ltr'><strong>sqq.)</strong></span> <span class='ocrx_word' id='word_1_67' title='bbox 810 1199 879 1252; x_wconf 88' lang='lat' dir='ltr'><strong>tum</strong></span> <span class='ocrx_word' id='word_1_68' title='bbox 902 1189 982 1253; x_wconf 92' lang='lat' dir='ltr'><strong>locis</strong></span> <span class='ocrx_word' id='word_1_69' title='bbox 1006 1187 1242 1269; x_wconf 89' lang='lat' dir='ltr'><strong>communibus,</strong></span> 
     </span>
     <span class='ocr_line' id='line_1_10' title="bbox 173 1294 1245 1382; baseline -0.004 -21"><span class='ocrx_word' id='word_1_70' title='bbox 173 1297 227 1382; x_wconf 88' lang='lat' dir='ltr'><strong>qui</strong></span> <span class='ocrx_word' id='word_1_71' title='bbox 253 1309 307 1361; x_wconf 89' lang='lat' dir='ltr'><strong>aut</strong></span> <span class='ocrx_word' id='word_1_72' title='bbox 332 1307 437 1361; x_wconf 89' lang='lat' dir='ltr'><strong>certae</strong></span> <span class='ocrx_word' id='word_1_73' title='bbox 460 1298 506 1360; x_wconf 86' lang='lat' dir='ltr'><strong>rei</strong></span> <span class='ocrx_word' id='word_1_74' title='bbox 531 1307 585 1360; x_wconf 92' lang='lat' dir='ltr'><strong>aut</strong></span> <span class='ocrx_word' id='word_1_75' title='bbox 608 1296 725 1361; x_wconf 90' lang='lat' dir='ltr'><strong>dubiae</strong></span> <span class='ocrx_word' id='word_1_76' title='bbox 749 1296 1033 1382; x_wconf 89' lang='lat' dir='ltr'><strong>amplificationem</strong></span> <span class='ocrx_word' id='word_1_77' title='bbox 1052 1294 1198 1360; x_wconf 88' lang='lat' dir='ltr'><strong>habeant</strong></span> <span class='ocrx_word' id='word_1_78' title='bbox 1214 1306 1245 1358; x_wconf 88' lang='lat' dir='ltr'><strong>et</strong></span> 
     </span>
     <span class='ocr_line' id='line_1_11' title="bbox 173 1402 1244 1489; baseline -0.003 -21"><span class='ocrx_word' id='word_1_79' title='bbox 173 1427 268 1489; x_wconf 89' lang='lat' dir='ltr'><strong>saepe</strong></span> <span class='ocrx_word' id='word_1_80' title='bbox 307 1427 364 1488; x_wconf 91' lang='lat' dir='ltr'><strong>per</strong></span> <span class='ocrx_word' id='word_1_81' title='bbox 398 1403 654 1488; x_wconf 86' lang='lat' dir='ltr'><strong>indignationem</strong></span> <span class='ocrx_word' id='word_1_82' title='bbox 689 1416 721 1468; x_wconf 90' lang='lat' dir='ltr'><strong>et</strong></span> <span class='ocrx_word' id='word_1_83' title='bbox 756 1403 1019 1489; x_wconf 84' lang='lat' dir='ltr'><strong>conquestionem</strong></span> <span class='ocrx_word' id='word_1_84' title='bbox 1046 1402 1244 1466; x_wconf 86' lang='lat' dir='ltr'><strong>inducantur</strong></span> 
     </span>
     <span class='ocr_line' id='line_1_12' title="bbox 173 1506 1241 1594; baseline -0.001 -19"><span class='ocrx_word' id='word_1_85' title='bbox 173 1509 218 1594; x_wconf 92' lang='grc'><strong>(2,</strong></span> <span class='ocrx_word' id='word_1_86' title='bbox 243 1511 294 1592; x_wconf 87' lang='grc'><strong>15,</strong></span> <span class='ocrx_word' id='word_1_87' title='bbox 319 1506 390 1593; x_wconf 93' lang='grc'>48),</span> <span class='ocrx_word' id='word_1_88' title='bbox 417 1512 574 1575; x_wconf 88' lang='lat' dir='ltr'><strong>contineri</strong></span> <span class='ocrx_word' id='word_1_89' title='bbox 599 1511 717 1575; x_wconf 89' lang='lat' dir='ltr'><strong>dicitur</strong></span> <span class='ocrx_word' id='word_1_90' title='bbox 740 1506 793 1593; x_wconf 84' lang='lat' dir='ltr'><strong>(cf.</strong></span> <span class='ocrx_word' id='word_1_91' title='bbox 819 1511 952 1575; x_wconf 86' lang='grc'>61161112</span> <span class='ocrx_word' id='word_1_92' title='bbox 977 1509 1018 1587; x_wconf 63' lang='grc' dir='ltr'><strong>ἐξ</strong></span> <span class='ocrx_word' id='word_1_93' title='bbox 1036 1511 1087 1592; x_wconf 88' lang='grc'><strong>36,</strong></span> <span class='ocrx_word' id='word_1_94' title='bbox 1111 1510 1165 1591; x_wconf 88' lang='grc'><strong>51,</strong></span> <span class='ocrx_word' id='word_1_95' title='bbox 1190 1511 1241 1592; x_wconf 85' lang='grc'><strong>56,</strong></span> 
     </span>
     <span class='ocr_line' id='line_1_13' title="bbox 174 1613 1241 1701; baseline -0.002 -17"><span class='ocrx_word' id='word_1_96' title='bbox 174 1619 226 1701; x_wconf 91' lang='grc'><strong>68,</strong></span> <span class='ocrx_word' id='word_1_97' title='bbox 255 1620 305 1700; x_wconf 77' lang='grc'><strong>11,</strong></span> <span class='ocrx_word' id='word_1_98' title='bbox 332 1619 383 1700; x_wconf 78' lang='grc'><strong>11,</strong></span> <span class='ocrx_word' id='word_1_99' title='bbox 409 1618 461 1700; x_wconf 92' lang='grc'>83,</span> <span class='ocrx_word' id='word_1_100' title='bbox 487 1619 539 1700; x_wconf 91' lang='grc'><strong>85,</strong></span> <span class='ocrx_word' id='word_1_101' title='bbox 566 1619 617 1699; x_wconf 86' lang='grc'><strong>94,</strong></span> <span class='ocrx_word' id='word_1_102' title='bbox 646 1621 719 1701; x_wconf 91' lang='grc'>101,</span> <span class='ocrx_word' id='word_1_103' title='bbox 747 1620 819 1700; x_wconf 92' lang='grc'>102,</span> <span class='ocrx_word' id='word_1_104' title='bbox 848 1620 910 1683; x_wconf 87' lang='grc'><strong>100</strong></span> <span class='ocrx_word' id='word_1_105' title='bbox 935 1613 1020 1699; x_wconf 84' lang='lat' dir='ltr'><strong>cet).</strong></span> <span class='ocrx_word' id='word_1_106' title='bbox 1059 1617 1107 1681; x_wconf 89' lang='lat' dir='ltr'><strong>At</strong></span> <span class='ocrx_word' id='word_1_107' title='bbox 1130 1618 1166 1680; x_wconf 94' lang='lat' dir='ltr'><strong>in</strong></span> <span class='ocrx_word' id='word_1_108' title='bbox 1186 1617 1241 1682; x_wconf 93' lang='lat' dir='ltr'><strong>lib.</strong></span> 
     </span>
     <span class='ocr_line' id='line_1_14' title="bbox 174 1725 1243 1809; baseline -0.001 -20"><span class='ocrx_word' id='word_1_109' title='bbox 174 1726 213 1790; x_wconf 93' lang='lat' dir='ltr'><strong>de</strong></span> <span class='ocrx_word' id='word_1_110' title='bbox 238 1749 282 1789; x_wconf 93' lang='lat' dir='ltr'><strong>or.</strong></span> <span class='ocrx_word' id='word_1_111' title='bbox 309 1726 370 1790; x_wconf 91' lang='lat' dir='ltr'><strong>etsi</strong></span> <span class='ocrx_word' id='word_1_112' title='bbox 398 1726 511 1789; x_wconf 89' lang='lat' dir='ltr'><strong>eadem</strong></span> <span class='ocrx_word' id='word_1_113' title='bbox 539 1748 658 1809; x_wconf 88' lang='lat' dir='ltr'><strong>genera</strong></span> <span class='ocrx_word' id='word_1_114' title='bbox 691 1727 832 1789; x_wconf 89' lang='lat' dir='ltr'><strong>locorum</strong></span> <span class='ocrx_word' id='word_1_115' title='bbox 870 1726 1087 1789; x_wconf 89' lang='lat' dir='ltr'><strong>communium</strong></span> <span class='ocrx_word' id='word_1_116' title='bbox 1125 1725 1243 1790; x_wconf 91' lang='lat' dir='ltr'><strong>descri-</strong></span> 
     </span>
     <span class='ocr_line' id='line_1_15' title="bbox 175 1832 1243 1918; baseline -0.001 -21"><span class='ocrx_word' id='word_1_117' title='bbox 175 1835 293 1897; x_wconf 90' lang='lat' dir='ltr'><strong>buntur</strong></span> <span class='ocrx_word' id='word_1_118' title='bbox 317 1856 399 1917; x_wconf 85' lang='lat' dir='ltr'><strong>quae</strong></span> <span class='ocrx_word' id='word_1_119' title='bbox 423 1833 457 1895; x_wconf 92' lang='lat' dir='ltr'><strong>in</strong></span> <span class='ocrx_word' id='word_1_120' title='bbox 481 1833 536 1896; x_wconf 91' lang='lat' dir='ltr'><strong>lib.</strong></span> <span class='ocrx_word' id='word_1_121' title='bbox 563 1832 601 1896; x_wconf 90' lang='lat' dir='ltr'><strong>de</strong></span> <span class='ocrx_word' id='word_1_122' title='bbox 625 1833 703 1908; x_wconf 65' lang='lat' dir='ltr'><strong>inv„</strong></span> <span class='ocrx_word' id='word_1_123' title='bbox 740 1832 835 1918; x_wconf 91' lang='lat' dir='ltr'><strong>paulo</strong></span> <span class='ocrx_word' id='word_1_124' title='bbox 864 1832 967 1915; x_wconf 88' lang='lat' dir='ltr'><strong>magis</strong></span> <span class='ocrx_word' id='word_1_125' title='bbox 998 1833 1038 1895; x_wconf 89' lang='lat' dir='ltr'><strong>ab</strong></span> <span class='ocrx_word' id='word_1_126' title='bbox 1062 1832 1104 1897; x_wconf 91' lang='lat' dir='ltr'><strong>iis</strong></span> <span class='ocrx_word' id='word_1_127' title='bbox 1129 1832 1243 1918; x_wconf 89' lang='lat' dir='ltr'><strong>ampli·</strong></span> 
     </span>
     <span class='ocr_line' id='line_1_16' title="bbox 172 1936 1240 2025; baseline -0.001 -19"><span class='ocrx_word' id='word_1_128' title='bbox 172 1940 291 2006; x_wconf 88' lang='lat' dir='ltr'><strong>ficandi</strong></span> <span class='ocrx_word' id='word_1_129' title='bbox 315 1942 365 2005; x_wconf 86' lang='lat' dir='ltr'><strong>vis</strong></span> <span class='ocrx_word' id='word_1_130' title='bbox 390 1952 576 2024; x_wconf 87' lang='lat' dir='ltr'><strong>segregatur</strong></span> <span class='ocrx_word' id='word_1_131' title='bbox 600 1941 836 2025; x_wconf 87' lang='lat' dir='ltr'><strong>separatimque</strong></span> <span class='ocrx_word' id='word_1_132' title='bbox 853 1940 982 2025; x_wconf 89' lang='lat' dir='ltr'><strong>ponitur</strong></span> <span class='ocrx_word' id='word_1_133' title='bbox 1005 1936 1058 2022; x_wconf 89' lang='lat' dir='ltr'><strong>(de</strong></span> <span class='ocrx_word' id='word_1_134' title='bbox 1075 1962 1121 2004; x_wconf 89' lang='lat' dir='ltr'><strong>or.</strong></span> <span class='ocrx_word' id='word_1_135' title='bbox 1140 1941 1170 2022; x_wconf 90' lang='lat'><strong>3,</strong></span> <span class='ocrx_word' id='word_1_136' title='bbox 1190 1939 1240 2022; x_wconf 80' lang='grc'><strong>21,</strong></span> 
     </span>
     <span class='ocr_line' id='line_1_17' title="bbox 175 2043 1242 2133; baseline 0.001 -22"><span class='ocrx_word' id='word_1_137' title='bbox 175 2048 240 2113; x_wconf 85' lang='lat'><strong>104</strong></span> <span class='ocrx_word' id='word_1_138' title='bbox 256 2043 351 2133; x_wconf 81' lang='lat' dir='ltr'><strong>sqq).</strong></span> <span class='ocrx_word' id='word_1_139' title='bbox 411 2045 577 2112; x_wconf 86' lang='lat' dir='ltr'><strong>Summam</strong></span> <span class='ocrx_word' id='word_1_140' title='bbox 617 2048 703 2111; x_wconf 89' lang='lat' dir='ltr'><strong>enim</strong></span> <span class='ocrx_word' id='word_1_141' title='bbox 739 2044 878 2112; x_wconf 78' lang='lat' dir='ltr'><strong>Crassus</strong></span> <span class='ocrx_word' id='word_1_142' title='bbox 917 2047 1072 2111; x_wconf 89' lang='lat' dir='ltr'><strong>orationis</strong></span> <span class='ocrx_word' id='word_1_143' title='bbox 1111 2045 1242 2112; x_wconf 87' lang='lat' dir='ltr'><strong>laudem</strong></span> 
     </span>
     <span class='ocr_line' id='line_1_18' title="bbox 173 2153 1242 2240; baseline -0.002 -19"><span class='ocrx_word' id='word_1_144' title='bbox 173 2179 244 2221; x_wconf 89' lang='lat' dir='ltr'><strong>esse</strong></span> <span class='ocrx_word' id='word_1_145' title='bbox 279 2157 325 2220; x_wconf 88' lang='lat' dir='ltr'><strong>ait</strong></span> <span class='ocrx_word' id='word_1_146' title='bbox 359 2155 502 2220; x_wconf 90' lang='lat' dir='ltr'><strong>ornando</strong></span> <span class='ocrx_word' id='word_1_147' title='bbox 537 2178 605 2219; x_wconf 89' lang='lat' dir='ltr'><strong>rem</strong></span> <span class='ocrx_word' id='word_1_148' title='bbox 633 2155 830 2240; x_wconf 87' lang='lat' dir='ltr'><strong>amplificare</strong></span> <span class='ocrx_word' id='word_1_149' title='bbox 857 2153 956 2239; x_wconf 90' lang='lat' dir='ltr'><strong>idque</strong></span> <span class='ocrx_word' id='word_1_150' title='bbox 979 2154 1013 2217; x_wconf 94' lang='grc'><strong>111</strong></span> <span class='ocrx_word' id='word_1_151' title='bbox 1037 2154 1242 2239; x_wconf 89' lang='lat' dir='ltr'><strong>explanando</strong></span> 
     </span>
     <span class='ocr_line' id='line_1_19' title="bbox 174 2261 1243 2347; baseline -0.002 -20"><span class='ocrx_word' id='word_1_152' title='bbox 174 2274 206 2328; x_wconf 91' lang='lat' dir='ltr'><strong>et</strong></span> <span class='ocrx_word' id='word_1_153' title='bbox 252 2263 453 2327; x_wconf 88' lang='lat' dir='ltr'><strong>conciliando</strong></span> <span class='ocrx_word' id='word_1_154' title='bbox 497 2273 529 2326; x_wconf 91' lang='grc'><strong>61</strong></span> <span class='ocrx_word' id='word_1_155' title='bbox 571 2262 763 2327; x_wconf 89' lang='lat' dir='ltr'><strong>concitando</strong></span> <span class='ocrx_word' id='word_1_156' title='bbox 810 2261 995 2326; x_wconf 83' lang='lat' dir='ltr'><strong>desiderari.</strong></span> <span class='ocrx_word' id='word_1_157' title='bbox 1058 2261 1243 2347; x_wconf 86' lang='lat' dir='ltr'><strong>Distinguit</strong></span> 
     </span>
     <span class='ocr_line' id='line_1_20' title="bbox 174 2363 1243 2455; baseline 0 -21"><span class='ocrx_word' id='word_1_158' title='bbox 174 2372 280 2451; x_wconf 90' lang='lat' dir='ltr'><strong>etiam,</strong></span> <span class='ocrx_word' id='word_1_159' title='bbox 307 2393 401 2455; x_wconf 91' lang='lat' dir='ltr'><strong>quem</strong></span> <span class='ocrx_word' id='word_1_160' title='bbox 426 2371 465 2434; x_wconf 91' lang='lat' dir='ltr'><strong>ad</strong></span> <span class='ocrx_word' id='word_1_161' title='bbox 491 2371 621 2434; x_wconf 92' lang='lat' dir='ltr'><strong>modum</strong></span> <span class='ocrx_word' id='word_1_162' title='bbox 646 2370 810 2434; x_wconf 90' lang='lat' dir='ltr'><strong>Antonius</strong></span> <span class='ocrx_word' id='word_1_163' title='bbox 839 2364 883 2451; x_wconf 91' lang='grc'><strong>(2,</strong></span> <span class='ocrx_word' id='word_1_164' title='bbox 908 2370 961 2448; x_wconf 90' lang='grc'><strong>81,</strong></span> <span class='ocrx_word' id='word_1_165' title='bbox 988 2363 1084 2450; x_wconf 86' lang='grc'>332),</span> <span class='ocrx_word' id='word_1_166' title='bbox 1123 2368 1243 2455; x_wconf 85' lang='lat' dir='ltr'><strong>duplex</strong></span> 
     </span>
     <span class='ocr_line' id='line_1_21' title="bbox 174 2476 1243 2562; baseline -0.001 -22"><span class='ocrx_word' id='word_1_167' title='bbox 174 2476 312 2560; x_wconf 90' lang='lat' dir='ltr'><strong>augendi</strong></span> <span class='ocrx_word' id='word_1_168' title='bbox 348 2478 415 2541; x_wconf 85' lang='lat' dir='ltr'><strong>sive</strong></span> <span class='ocrx_word' id='word_1_169' title='bbox 451 2477 670 2562; x_wconf 90' lang='lat' dir='ltr'><strong>amplificandi</strong></span> <span class='ocrx_word' id='word_1_170' title='bbox 705 2500 806 2560; x_wconf 90' lang='lat' dir='ltr'><strong>genus</strong></span> <span class='ocrx_word' id='word_1_171' title='bbox 842 2477 910 2541; x_wconf 89' lang='lat' dir='ltr'><strong>eius</strong></span> <span class='ocrx_word' id='word_1_172' title='bbox 939 2476 1027 2539; x_wconf 92' lang='lat' dir='ltr'><strong>modi</strong></span> <span class='ocrx_word' id='word_1_173' title='bbox 1055 2485 1090 2539; x_wconf 89' lang='lat' dir='ltr'><strong>ut</strong></span> <span class='ocrx_word' id='word_1_174' title='bbox 1120 2499 1158 2540; x_wconf 92' lang='lat' dir='ltr'><strong>eo</strong></span> <span class='ocrx_word' id='word_1_175' title='bbox 1188 2486 1243 2541; x_wconf 88' lang='lat' dir='ltr'><strong>aut</strong></span> 
     </span>
     <span class='ocr_line' id='line_1_22' title="bbox 174 2583 1244 2668; baseline 0 -20"><span class='ocrx_word' id='word_1_176' title='bbox 174 2584 305 2648; x_wconf 89' lang='lat' dir='ltr'><strong>tollatur</strong></span> <span class='ocrx_word' id='word_1_177' title='bbox 328 2584 450 2668; x_wconf 89' lang='lat' dir='ltr'><strong>aliquid</strong></span> <span class='ocrx_word' id='word_1_178' title='bbox 475 2584 610 2648; x_wconf 92' lang='lat' dir='ltr'><strong>dicendo</strong></span> <span class='ocrx_word' id='word_1_179' title='bbox 635 2594 690 2647; x_wconf 89' lang='lat' dir='ltr'><strong>aut</strong></span> <span class='ocrx_word' id='word_1_180' title='bbox 717 2593 907 2648; x_wconf 88' lang='lat' dir='ltr'><strong>extenuetur</strong></span> <span class='ocrx_word' id='word_1_181' title='bbox 935 2594 967 2647; x_wconf 90' lang='lat' dir='ltr'><strong>et</strong></span> <span class='ocrx_word' id='word_1_182' title='bbox 1001 2583 1171 2666; x_wconf 88' lang='lat' dir='ltr'><strong>abiciatur,</strong></span> <span class='ocrx_word' id='word_1_183' title='bbox 1210 2594 1244 2648; x_wconf 92' lang='lat' dir='ltr'><strong>ut</strong></span> 
     </span>
     <span class='ocr_line' id='line_1_23' title="bbox 174 2691 1244 2778; baseline -0.001 -23"><span class='ocrx_word' id='word_1_184' title='bbox 174 2693 228 2778; x_wconf 90' lang='lat' dir='ltr'><strong>qui</strong></span> <span class='ocrx_word' id='word_1_185' title='bbox 253 2691 388 2755; x_wconf 89' lang='lat' dir='ltr'><strong>audiunt</strong></span> <span class='ocrx_word' id='word_1_186' title='bbox 412 2702 466 2755; x_wconf 91' lang='lat' dir='ltr'><strong>aut</strong></span> <span class='ocrx_word' id='word_1_187' title='bbox 489 2692 730 2755; x_wconf 88' lang='lat' dir='ltr'><strong>inflammentur</strong></span> <span class='ocrx_word' id='word_1_188' title='bbox 745 2701 800 2754; x_wconf 90' lang='lat' dir='ltr'><strong>aut</strong></span> <span class='ocrx_word' id='word_1_189' title='bbox 816 2693 1017 2773; x_wconf 83' lang='lat' dir='ltr'><strong>mitigentur3</strong></span> <span class='ocrx_word' id='word_1_190' title='bbox 1043 2710 1126 2773; x_wconf 90' lang='lat' dir='ltr'><strong>quae</strong></span> <span class='ocrx_word' id='word_1_191' title='bbox 1143 2691 1244 2755; x_wconf 90' lang='lat' dir='ltr'><strong>etiam</strong></span> 
     </span>
     <span class='ocr_line' id='line_1_24' title="bbox 173 2798 1243 2884; baseline 0 -20"><span class='ocrx_word' id='word_1_192' title='bbox 173 2801 207 2864; x_wconf 92' lang='lat' dir='ltr'><strong>in</strong></span> <span class='ocrx_word' id='word_1_193' title='bbox 241 2799 371 2884; x_wconf 87' lang='lat' dir='ltr'><strong>Topicis</strong></span> <span class='ocrx_word' id='word_1_194' title='bbox 407 2799 666 2884; x_wconf 90' lang='lat' dir='ltr'><strong>amplificationis</strong></span> <span class='ocrx_word' id='word_1_195' title='bbox 702 2809 751 2864; x_wconf 89' lang='lat' dir='ltr'><strong>est</strong></span> <span class='ocrx_word' id='word_1_196' title='bbox 785 2800 883 2863; x_wconf 90' lang='lat' dir='ltr'><strong>notio.</strong></span> <span class='ocrx_word' id='word_1_197' title='bbox 929 2798 969 2862; x_wconf 92' lang='lat' dir='ltr'><strong>In</strong></span> <span class='ocrx_word' id='word_1_198' title='bbox 1004 2798 1243 2864; x_wconf 89' lang='lat' dir='ltr'><strong>Partitionibus</strong></span> 
     </span>
     <span class='ocr_line' id='line_1_25' title="bbox 173 2904 1243 2992; baseline 0.001 -21"><span class='ocrx_word' id='word_1_199' title='bbox 173 2918 280 2972; x_wconf 91' lang='lat' dir='ltr'><strong>autem</strong></span> <span class='ocrx_word' id='word_1_200' title='bbox 305 2907 366 2971; x_wconf 91' lang='lat' dir='ltr'><strong>hac</strong></span> <span class='ocrx_word' id='word_1_201' title='bbox 390 2907 509 2992; x_wconf 88' lang='lat' dir='ltr'><strong>duplici</strong></span> <span class='ocrx_word' id='word_1_202' title='bbox 537 2908 661 2971; x_wconf 90' lang='lat' dir='ltr'><strong>ratione</strong></span> <span class='ocrx_word' id='word_1_203' title='bbox 686 2907 832 2990; x_wconf 86' lang='lat' dir='ltr'><strong>neglecta</strong></span> <span class='ocrx_word' id='word_1_204' title='bbox 849 2904 964 2972; x_wconf 82' lang='lat' dir='ltr'><strong>Cicero</strong></span> <span class='ocrx_word' id='word_1_205' title='bbox 988 2905 1154 2970; x_wconf 87' lang='lat' dir='ltr'><strong>notionem</strong></span> <span class='ocrx_word' id='word_1_206' title='bbox 1176 2930 1243 2972; x_wconf 94' lang='lat' dir='ltr'><strong>am·</strong></span> 
     </span>
     <span class='ocr_line' id='line_1_26' title="bbox 172 3014 1243 3099; baseline 0.002 -23"><span class='ocrx_word' id='word_1_207' title='bbox 172 3015 380 3099; x_wconf 90' lang='lat' dir='ltr'><strong>plificationis</strong></span> <span class='ocrx_word' id='word_1_208' title='bbox 416 3025 566 3078; x_wconf 90' lang='lat' dir='ltr'><strong>accurata</strong></span> <span class='ocrx_word' id='word_1_209' title='bbox 607 3037 702 3099; x_wconf 91' lang='lat' dir='ltr'><strong>quam</strong></span> <span class='ocrx_word' id='word_1_210' title='bbox 738 3014 879 3078; x_wconf 86' lang='lat' dir='ltr'><strong>diximus</strong></span> <span class='ocrx_word' id='word_1_211' title='bbox 916 3014 1105 3078; x_wconf 90' lang='lat' dir='ltr'><strong>defiuitione</strong></span> <span class='ocrx_word' id='word_1_212' title='bbox 1138 3014 1243 3079; x_wconf 87' lang='lat' dir='ltr'><strong>deter-</strong></span> 
     </span>
     <span class='ocr_line' id='line_1_27' title="bbox 172 3118 1244 3207; baseline 0.001 -23"><span class='ocrx_word' id='word_1_213' title='bbox 172 3121 285 3184; x_wconf 91' lang='lat' dir='ltr'><strong>minat.</strong></span> <span class='ocrx_word' id='word_1_214' title='bbox 336 3118 515 3186; x_wconf 83' lang='lat' dir='ltr'><strong>Conficitur</strong></span> <span class='ocrx_word' id='word_1_215' title='bbox 550 3121 766 3206; x_wconf 87' lang='lat' dir='ltr'><strong>amplificatio,</strong></span> <span class='ocrx_word' id='word_1_216' title='bbox 799 3132 834 3185; x_wconf 91' lang='lat' dir='ltr'><strong>ut</strong></span> <span class='ocrx_word' id='word_1_217' title='bbox 860 3122 1056 3207; x_wconf 88' lang='lat' dir='ltr'><strong>praecipitur</strong></span> <span class='ocrx_word' id='word_1_218' title='bbox 1079 3121 1114 3184; x_wconf 93' lang='lat' dir='ltr'><strong>in</strong></span> <span class='ocrx_word' id='word_1_219' title='bbox 1136 3120 1244 3185; x_wconf 87' lang='lat' dir='ltr'><strong>Parti·</strong></span> 
     </span>
     <span class='ocr_line' id='line_1_28' title="bbox 173 3224 1242 3312; baseline 0.003 -22"><span class='ocrx_word' id='word_1_220' title='bbox 173 3227 326 3309; x_wconf 75' lang='grc'>1161116116,</span> <span class='ocrx_word' id='word_1_221' title='bbox 363 3238 395 3291; x_wconf 97' lang='grc'><strong>61</strong></span> <span class='ocrx_word' id='word_1_222' title='bbox 428 3229 536 3292; x_wconf 89' lang='lat' dir='ltr'><strong>verbis</strong></span> <span class='ocrx_word' id='word_1_223' title='bbox 564 3239 596 3291; x_wconf 91' lang='lat' dir='ltr'><strong>et</strong></span> <span class='ocrx_word' id='word_1_224' title='bbox 624 3230 720 3293; x_wconf 89' lang='lat' dir='ltr'><strong>rebus</strong></span> <span class='ocrx_word' id='word_1_225' title='bbox 744 3226 811 3312; x_wconf 93' lang='grc'>(15,</span> <span class='ocrx_word' id='word_1_226' title='bbox 836 3224 903 3311; x_wconf 89' lang='grc'>53).</span> <span class='ocrx_word' id='word_1_227' title='bbox 950 3227 979 3291; x_wconf 91' lang='grc' dir='ltr'>Ε</span> <span class='ocrx_word' id='word_1_228' title='bbox 1022 3228 1122 3292; x_wconf 91' lang='lat' dir='ltr'><strong>simili</strong></span> <span class='ocrx_word' id='word_1_229' title='bbox 1145 3228 1242 3294; x_wconf 91' lang='lat' dir='ltr'><strong>modo</strong></span> 
     </span>
     <span class='ocr_line' id='line_1_29' title="bbox 173 3334 1244 3402; baseline 0.004 -4"><span class='ocrx_word' id='word_1_230' title='bbox 173 3335 207 3398; x_wconf 92' lang='lat' dir='ltr'><strong>in</strong></span> <span class='ocrx_word' id='word_1_231' title='bbox 230 3334 287 3398; x_wconf 91' lang='lat' dir='ltr'><strong>lib.</strong></span> <span class='ocrx_word' id='word_1_232' title='bbox 313 3334 352 3398; x_wconf 90' lang='lat' dir='ltr'><strong>de</strong></span> <span class='ocrx_word' id='word_1_233' title='bbox 375 3335 441 3399; x_wconf 87' lang='lat' dir='ltr'><strong>inv.</strong></span> <span class='ocrx_word' id='word_1_234' title='bbox 466 3335 600 3397; x_wconf 88' lang='lat' dir='ltr'><strong>materia</strong></span> <span class='ocrx_word' id='word_1_235' title='bbox 623 3334 827 3398; x_wconf 89' lang='lat' dir='ltr'><strong>distribuitur</strong></span> <span class='ocrx_word' id='word_1_236' title='bbox 854 3336 997 3400; x_wconf 87' lang='lat' dir='ltr'><strong>locorum</strong></span> <span class='ocrx_word' id='word_1_237' title='bbox 1022 3338 1244 3402; x_wconf 89' lang='lat' dir='ltr'><strong>communium</strong></span> 
     </span>
     <span class='ocr_line' id='line_1_30' title="bbox 173 3435 1243 3528; baseline 0.004 -23"><span class='ocrx_word' id='word_1_238' title='bbox 173 3439 217 3525; x_wconf 93' lang='grc'><strong>(2,</strong></span> <span class='ocrx_word' id='word_1_239' title='bbox 245 3443 295 3524; x_wconf 79' lang='grc'>11),</span> <span class='ocrx_word' id='word_1_240' title='bbox 320 3435 388 3523; x_wconf 83' lang='grc'>49).</span> <span class='ocrx_word' id='word_1_241' title='bbox 427 3440 475 3504; x_wconf 87' lang='lat' dir='ltr'><strong>At</strong></span> <span class='ocrx_word' id='word_1_242' title='bbox 497 3442 531 3504; x_wconf 91' lang='lat' dir='ltr'><strong>iu</strong></span> <span class='ocrx_word' id='word_1_243' title='bbox 554 3441 610 3506; x_wconf 93' lang='lat' dir='ltr'><strong>lib.</strong></span> <span class='ocrx_word' id='word_1_244' title='bbox 637 3441 676 3504; x_wconf 90' lang='lat' dir='ltr'><strong>de</strong></span> <span class='ocrx_word' id='word_1_245' title='bbox 699 3464 744 3505; x_wconf 91' lang='lat' dir='ltr'><strong>or.</strong></span> <span class='ocrx_word' id='word_1_246' title='bbox 770 3464 843 3506; x_wconf 90' lang='lat' dir='ltr'><strong>cum</strong></span> <span class='ocrx_word' id='word_1_247' title='bbox 866 3443 1055 3528; x_wconf 86' lang='lat' dir='ltr'><strong>amplificari</strong></span> <span class='ocrx_word' id='word_1_248' title='bbox 1079 3465 1131 3508; x_wconf 91' lang='lat' dir='ltr'><strong>res</strong></span> <span class='ocrx_word' id='word_1_249' title='bbox 1156 3443 1243 3509; x_wconf 91' lang='lat' dir='ltr'><strong>dica·</strong></span> 
     </span>
     <span class='ocr_line' id='line_1_31' title="bbox 172 3548 1244 3631; baseline 0.004 -17"><span class='ocrx_word' id='word_1_250' title='bbox 172 3560 225 3615; x_wconf 88' lang='lat' dir='ltr'><strong>tur</strong></span> <span class='ocrx_word' id='word_1_251' title='bbox 248 3548 401 3631; x_wconf 91' lang='lat' dir='ltr'><strong>ornando,</strong></span> <span class='ocrx_word' id='word_1_252' title='bbox 427 3558 559 3613; x_wconf 88' lang='lat' dir='ltr'><strong>ornatus</strong></span> <span class='ocrx_word' id='word_1_253' title='bbox 583 3557 690 3612; x_wconf 92' lang='lat' dir='ltr'><strong>autem</strong></span> <span class='ocrx_word' id='word_1_254' title='bbox 714 3559 746 3613; x_wconf 89' lang='lat' dir='ltr'><strong>et</strong></span> <span class='ocrx_word' id='word_1_255' title='bbox 768 3550 803 3612; x_wconf 91' lang='lat' dir='ltr'><strong>in</strong></span> <span class='ocrx_word' id='word_1_256' title='bbox 825 3551 933 3615; x_wconf 85' lang='lat' dir='ltr'><strong>verbis</strong></span> <span class='ocrx_word' id='word_1_257' title='bbox 957 3561 989 3615; x_wconf 90' lang='lat' dir='ltr'><strong>et</strong></span> <span class='ocrx_word' id='word_1_258' title='bbox 1011 3551 1045 3613; x_wconf 90' lang='lat' dir='ltr'><strong>in</strong></span> <span class='ocrx_word' id='word_1_259' title='bbox 1069 3554 1244 3619; x_wconf 88' lang='lat' dir='ltr'><strong>sententiis</strong></span> 
     </span>
     <span class='ocr_line' id='line_1_32' title="bbox 172 3652 1244 3744; baseline 0.003 -21"><span class='ocrx_word' id='word_1_260' title='bbox 172 3667 311 3744; x_wconf 89' lang='lat' dir='ltr'><strong>ponatur</strong></span> <span class='ocrx_word' id='word_1_261' title='bbox 326 3653 370 3741; x_wconf 87' lang='grc'><strong>(3,</strong></span> <span class='ocrx_word' id='word_1_262' title='bbox 398 3658 449 3740; x_wconf 90' lang='grc'><strong>14,</strong></span> <span class='ocrx_word' id='word_1_263' title='bbox 476 3652 548 3740; x_wconf 87' lang='grc'>53),</span> <span class='ocrx_word' id='word_1_264' title='bbox 573 3657 607 3721; x_wconf 87' lang='grc'><strong>11</strong></span> <span class='ocrx_word' id='word_1_265' title='bbox 631 3657 706 3722; x_wconf 90' lang='lat' dir='ltr'><strong>libri</strong></span> <span class='ocrx_word' id='word_1_266' title='bbox 730 3659 861 3744; x_wconf 92' lang='lat' dir='ltr'><strong>propius</strong></span> <span class='ocrx_word' id='word_1_267' title='bbox 885 3681 904 3722; x_wconf 92' lang='lat' dir='ltr'><strong>a</strong></span> <span class='ocrx_word' id='word_1_268' title='bbox 927 3658 1162 3724; x_wconf 89' lang='lat' dir='ltr'><strong>Partitionibus</strong></span> <span class='ocrx_word' id='word_1_269' title='bbox 1188 3662 1244 3726; x_wconf 91' lang='lat' dir='ltr'><strong>ab·</strong></span> 
     </span>
     <span class='ocr_line' id='line_1_33' title="bbox 173 3765 1245 3851; baseline 0.004 -21"><span class='ocrx_word' id='word_1_270' title='bbox 173 3775 257 3830; x_wconf 88' lang='lat' dir='ltr'><strong>sunt.</strong></span> <span class='ocrx_word' id='word_1_271' title='bbox 304 3765 450 3829; x_wconf 89' lang='lat' dir='ltr'><strong>Primum</strong></span> <span class='ocrx_word' id='word_1_272' title='bbox 473 3765 571 3849; x_wconf 87' lang='lat' dir='ltr'><strong>igitur</strong></span> <span class='ocrx_word' id='word_1_273' title='bbox 594 3767 629 3830; x_wconf 93' lang='lat' dir='ltr'><strong>in</strong></span> <span class='ocrx_word' id='word_1_274' title='bbox 652 3765 884 3830; x_wconf 90' lang='lat' dir='ltr'><strong>Partitionibus</strong></span> <span class='ocrx_word' id='word_1_275' title='bbox 909 3789 949 3829; x_wconf 91' lang='lat' dir='ltr'><strong>ex</strong></span> <span class='ocrx_word' id='word_1_276' title='bbox 972 3767 1154 3851; x_wconf 85' lang='lat' dir='ltr'><strong>praeceptis</strong></span> <span class='ocrx_word' id='word_1_277' title='bbox 1179 3769 1245 3834; x_wconf 89' lang='lat' dir='ltr'><strong>elo·</strong></span> 
     </span>
     <span class='ocr_line' id='line_1_34' title="bbox 173 3873 1245 3959; baseline 0.006 -23"><span class='ocrx_word' id='word_1_278' title='bbox 173 3873 312 3938; x_wconf 88' lang='lat' dir='ltr'><strong>cutiouis</strong></span> <span class='ocrx_word' id='word_1_279' title='bbox 348 3883 442 3938; x_wconf 89' lang='grc'>611166</span> <span class='ocrx_word' id='word_1_280' title='bbox 478 3874 646 3959; x_wconf 87' lang='lat' dir='ltr'><strong>explicatis</strong></span> <span class='ocrx_word' id='word_1_281' title='bbox 674 3883 863 3959; x_wconf 89' lang='lat' dir='ltr'><strong>repetuntur</strong></span> <span class='ocrx_word' id='word_1_282' title='bbox 891 3897 972 3959; x_wconf 92' lang='lat' dir='ltr'><strong>quae</strong></span> <span class='ocrx_word' id='word_1_283' title='bbox 1001 3873 1040 3937; x_wconf 93' lang='lat' dir='ltr'><strong>ad</strong></span> <span class='ocrx_word' id='word_1_284' title='bbox 1065 3874 1245 3959; x_wconf 86' lang='lat' dir='ltr'><strong>amplifica·</strong></span> 
     </span>
     <span class='ocr_line' id='line_1_35' title="bbox 172 3980 1245 4064; baseline 0.005 -21"><span class='ocrx_word' id='word_1_285' title='bbox 172 3980 295 4043; x_wconf 90' lang='lat' dir='ltr'><strong>tionem</strong></span> <span class='ocrx_word' id='word_1_286' title='bbox 328 3981 468 4045; x_wconf 85' lang='lat' dir='ltr'><strong>maxime</strong></span> <span class='ocrx_word' id='word_1_287' title='bbox 504 3982 568 4045; x_wconf 90' lang='lat' dir='ltr'><strong>siut</strong></span> <span class='ocrx_word' id='word_1_288' title='bbox 602 3981 728 4045; x_wconf 91' lang='lat' dir='ltr'><strong>idonea.</strong></span> <span class='ocrx_word' id='word_1_289' title='bbox 775 3981 916 4045; x_wconf 91' lang='lat' dir='ltr'><strong>Additur</strong></span> <span class='ocrx_word' id='word_1_290' title='bbox 942 3981 1046 4064; x_wconf 90' lang='lat' dir='ltr'><strong>figura</strong></span> <span class='ocrx_word' id='word_1_291' title='bbox 1068 3981 1245 4048; x_wconf 84' lang='lat' dir='ltr'><strong>verborum</strong></span> 
     </span>
     <span class='ocr_line' id='line_1_36' title="bbox 173 4086 1248 4173; baseline 0.006 -22"><span class='ocrx_word' id='word_1_292' title='bbox 173 4086 334 4171; x_wconf 88' lang='lat' dir='ltr'><strong>gradatim</strong></span> <span class='ocrx_word' id='word_1_293' title='bbox 372 4086 624 4171; x_wconf 88' lang='lat' dir='ltr'><strong>ascendentium,</strong></span> <span class='ocrx_word' id='word_1_294' title='bbox 666 4111 747 4173; x_wconf 88' lang='lat' dir='ltr'><strong>quae</strong></span> <span class='ocrx_word' id='word_1_295' title='bbox 786 4098 836 4152; x_wconf 89' lang='lat' dir='ltr'><strong>est</strong></span> <span class='ocrx_word' id='word_1_296' title='bbox 869 4089 903 4151; x_wconf 92' lang='lat' dir='ltr'><strong>in</strong></span> <span class='ocrx_word' id='word_1_297' title='bbox 931 4087 987 4152; x_wconf 87' lang='lat' dir='ltr'><strong>lib.</strong></span> <span class='ocrx_word' id='word_1_298' title='bbox 1017 4088 1056 4152; x_wconf 94' lang='lat' dir='ltr'><strong>de</strong></span> <span class='ocrx_word' id='word_1_299' title='bbox 1086 4110 1132 4152; x_wconf 92' lang='lat' dir='ltr'><strong>or.</strong></span> <span class='ocrx_word' id='word_1_300' title='bbox 1158 4090 1248 4156; x_wconf 86' lang='lat' dir='ltr'><strong>inter</strong></span> 
     </span>
    </p>
   </div>
   <div class='ocr_carea' id='block_1_4' title="bbox 0 0 1378 4560">
    <p class='ocr_par' dir='ltr' id='par_1_4' title="bbox 0 0 1378 4560">
     <span class='ocr_line' id='line_1_37' title="bbox 0 0 1378 4560; baseline 0 0"><span class='ocrx_word' id='word_1_301' title='bbox 0 0 1378 4560; x_wconf 95' lang='lat' dir='ltr'><strong> </strong></span> 
     </span>
    </p>
   </div>
  </div>
 </body>
</html>
