2746 4560
662 219 705 284 28

236 397 324 461 Huic
348 420 388 461 ex
412 397 513 461 altera
535 406 626 482 parte
651 395 825 482 respondet
848 417 949 480 genus
974 417 1105 459 versum
1122 402 1218 479 atque

148 514 306 568 mutatum
329 500 373 588 (7,
392 505 457 585 23),
484 514 527 586 ut,
552 504 580 568 si
604 503 685 568 illud
708 526 809 585 genus
833 527 853 566 a
874 500 1032 567 Cicerone
1055 501 1128 586 ipso
1145 523 1220 565 con·

149 613 297 677 stitutum
321 635 392 676 esse
416 612 485 675 iure
509 613 695 695 statuimus,
720 610 807 675 idem
831 610 870 674 de
894 610 955 675 hoc
978 609 1122 674 iudicare
1146 630 1219 694 pos·

148 721 259 785 simus.
306 721 359 784 Ac
381 743 505 803 rursus,
542 732 577 783 ut
604 722 638 783 in
667 720 773 804 priore
801 741 932 801 genere,
968 718 1110 803 primum
1145 717 1219 782 sim·

149 827 260 910 plicia,
298 827 413 891 deinde
438 828 609 891 coniuncta
631 827 861 912 respiciuntur,
901 825 1058 909 initiaque
1080 823 1219 890 fortasse

147 956 267 1016 eorum,
293 957 375 1019 quae
400 934 439 999 de
462 935 607 998 oratione
632 933 731 997 dilata
754 943 787 997 et
810 941 975 997 contracta
999 932 1162 1014 dicuntur,
1187 933 1218 996 in

148 1042 189 1106 iis
214 1055 288 1106 sunt
311 1065 394 1127 quae
418 1053 513 1106 antea
538 1038 651 1106 Cicero
681 1040 720 1104 de
749 1040 1000 1104 commoratione
1035 1063 1099 1103 una
1126 1041 1163 1103 in
1187 1063 1218 1103 re

149 1147 202 1231 (de
227 1173 272 1214 or.
298 1152 327 1232 3,
353 1152 405 1233 53,
431 1146 511 1232 202)
540 1158 572 1213 et
595 1149 670 1213 huic
695 1148 855 1213 contraria
877 1147 1086 1233 percursione
1110 1142 1217 1230 (ibid.)

150 1268 182 1321 et
206 1257 358 1321 distincte
375 1258 506 1320 concisa
521 1256 680 1320 brevitate
696 1251 804 1339 (ibid.)
822 1264 1022 1340 exposuerat,
1049 1263 1082 1318 et
1099 1276 1216 1336 eorum,

149 1386 231 1448 quae
257 1364 296 1427 de
320 1364 432 1428 ordine
456 1362 645 1426 invertendo
674 1364 834 1447 rebusque
864 1384 990 1426 sursum
1018 1383 1151 1425 versum
1174 1383 1217 1425 re·

149 1482 262 1556 troque
290 1471 436 1535 dicendis
468 1471 722 1556 praecipiuntur,
759 1471 794 1534 iu
821 1470 862 1534 iis
891 1492 973 1555 quae
1000 1469 1154 1553 leguntur
1187 1469 1217 1533 iu

149 1578 206 1642 lib.
232 1578 270 1642 de
299 1601 343 1643 or.
369 1590 401 1642 et
428 1578 461 1641 in
491 1577 627 1642 Oratore
663 1577 702 1642 de
730 1577 919 1660 gradatione
949 1587 980 1640 et
1008 1578 1218 1643 conversione

150 1680 274 1768 (deor.
300 1687 333 1768 3,
360 1686 412 1767 54,
438 1681 517 1766 207)
553 1696 585 1749 et
613 1685 652 1748 de
680 1684 839 1768 gradatim
868 1706 994 1748 sursum
1019 1706 1152 1748 versum
1174 1706 1218 1748 re·

145 1792 277 1856 -deundo
301 1789 360 1876 (or.
380 1794 431 1874 39,
452 1787 539 1874 135).
586 1790 708 1856 Verum
724 1815 790 1856 non
806 1801 856 1856 est
872 1790 959 1876 quod
975 1792 1008 1855 in
1025 1791 1088 1856 hoc
1104 1815 1219 1877 genere

149 1921 392 1964 commoremur.

362 2079 393 2160 4,
416 2080 446 2142 5.
493 2077 548 2141 De
572 2078 727 2141 actione
752 2090 790 2141 et
812 2078 1004 2141 memoria.

238 2221 354 2285 Restat
376 2232 412 2284 ut
435 2243 538 2306 pauca
562 2220 600 2284 de
624 2219 804 2305 praeceptis
829 2220 965 2284 actionis
990 2230 1022 2283 et
1045 2221 1219 2284 memoriae

149 2328 304 2392 dicamus
350 2329 501 2392 Actionis
533 2327 646 2392 eadem
680 2338 728 2392 est
762 2327 892 2413 partitio
927 2327 961 2390 iu
984 2326 1219 2392 Partitionibus

149 2431 193 2516 (7,
212 2430 268 2518 25)
293 2457 373 2519 quae
402 2436 434 2497 in
464 2435 520 2499 lib.
547 2434 586 2498 de
611 2457 655 2498 or.
681 2432 729 2517 (3,
756 2436 812 2516 57,
844 2430 923 2514 216)
958 2445 989 2498 et
1023 2435 1057 2497 in
1084 2431 1219 2499 Oratore

149 2536 216 2624 (17,
242 2543 299 2623 553
342 2541 392 2623 18,
418 2538 489 2623 59),
526 2541 583 2605 ubi
617 2541 729 2605 eodem
766 2541 878 2605 ordine
911 2552 1084 2627 praecepta
1119 2544 1218 2624 vocis

149 2659 269 2731 gestus,
299 2649 406 2713 voltus
431 2659 603 2732 ponuntur.
650 2648 764 2733 Neque
792 2650 966 2712 memoriae
990 2661 1165 2734 praecepta
1187 2651 1219 2714 in

143 2756 382 2821 vPartitionibus
417 2756 511 2819 aliter
545 2767 642 2841 atque
680 2755 715 2818 in
753 2756 810 2819 lib.
847 2755 886 2819 de
915 2779 960 2820 or.
990 2752 1033 2839 (2,
1060 2758 1113 2839 86,
1141 2754 1220 2840 350)

150 2864 387 2929 distribuuntur
411 2863 468 2927 sed
491 2863 672 2927 referuntur
696 2863 804 2927 omnia
828 2863 869 2926 ad
892 2863 980 2928 locos
1002 2875 1033 2927 et
1049 2864 1218 2948 imagines.

148 2968 185 3035 Si
209 2972 336 3056 singula
359 2994 487 3057 quoque
515 2970 723 3052 conferimuS,
763 2970 893 3034 easdem
920 2971 987 3035 fere
1016 2971 1117 3037 elatas
1147 2995 1220 3037 sen·

148 3082 267 3145 tentias
290 3081 462 3165 verbaque,
488 3101 570 3164 quae
594 3080 628 3143 in
649 3079 892 3161 Partitionibus
918 3079 1095 3164 reperimus
1120 3081 1220 3144 etiam

149 3188 184 3249 in
207 3187 262 3251 lib.
289 3187 327 3251 de
352 3211 397 3251 or.
422 3187 534 3250 autin
559 3184 705 3269 Oratore,
736 3197 771 3250 ut
799 3186 839 3250 de
863 3186 1019 3250 varietate
1042 3187 1132 3250 vocis
1158 3184 1219 3271 (or.

151 3294 201 3374 18,
228 3289 298 3377 59),
336 3294 375 3358 de
410 3295 536 3356 actione
572 3295 748 3357 orationem
778 3303 931 3377 sequente
955 3289 1009 3376 (de
1033 3316 1078 3357 or.
1108 3294 1137 3375 3,
1165 3295 1219 3376 59,

150 3397 238 3482 220),
265 3400 304 3465 de
329 3423 421 3465 cerae
445 3399 655 3464 similitudine
679 3396 732 3483 (de
756 3423 801 3464 or.
828 3402 857 3482 2,
883 3400 936 3483 88,
962 3397 1051 3481 360).

522 3671 565 3733 Π.
600 3671 647 3733 De
672 3672 837 3733 oratioue.

237 3829 348 3894 Prima
371 3829 519 3915 exposita
546 3830 645 3895 totius
674 3829 752 3894 artis
780 3829 958 3893 rhetoricae
986 3841 1076 3913 parte
1101 3823 1220 3893 Cicero

149 3937 189 4000 ad
213 3939 390 4002 orationem
414 3937 615 4000 tractandam
645 3936 829 4020 adgreditur
857 3933 901 4018 (8,
928 3932 984 4017 27)
1020 3958 1156 4020 eamque
1184 3936 1219 4000 in

150 4053 286 4129 quatuor
308 4053 416 4130 partes
442 4043 570 4125 dividit,
607 4045 817 4130 principium,
845 4044 1077 4125 narrationem,
1104 4045 1219 4107 confir-
