2746 4560
667 228 711 291 24

149 384 405 469 modificatorum
429 428 530 489 genus
554 405 759 489 amplectitur
781 405 815 485 (ξ
834 399 898 487 17),
924 404 1081 468 translata
1105 401 1160 480 (cf.
1179 402 1218 465 de

149 534 194 575 or.
221 513 249 593 3,
276 512 328 594 38,
356 513 419 577 155
436 534 521 597 sqq,
548 535 591 576 or.
618 513 670 595 24,
696 507 761 594 80),
787 512 957 575 immutata
980 507 1034 593 (cf.
1060 510 1099 574 de
1116 532 1161 573 or.
1188 511 1216 592 3,

148 619 202 701 42,
230 619 291 682 167
310 640 397 703 sqq.;
422 642 467 683 or.
493 619 544 701 27,
563 615 629 701 93),
656 640 694 682 ea
717 619 834 703 quibus
859 619 1021 682 abutimur
1044 612 1098 698 (cf.
1116 615 1155 679 de
1172 638 1217 679 or.

151 727 181 808 3,
207 726 260 806 43,
288 726 365 805 169;
391 747 435 789 01.
461 727 512 808 27,
531 721 597 808 94),
623 727 794 789 obscurata
818 722 991 808 (6111601.
1010 724 1109 807 3,42,
1129 719 1217 805 167),

149 831 384 896 incredibiliter
408 832 535 896 sublata
558 828 612 915 (of.
638 832 677 895 de
701 854 747 896 or.
770 833 799 915 3,
817 832 870 914 53,
889 833 967 914 2031
994 854 1038 895 01.
1056 833 1109 913 40,
1129 826 1217 912 139),

150 938 178 1002 si
202 961 240 1002 ea
264 961 344 1024 quae
367 939 601 1004 incredibiliter
624 939 793 1021 tolluntur,
831 961 911 1023 quae
945 948 1020 1003 sunt
1043 961 1083 1002 ex
1105 938 1218 1021 figuris

150 1047 381 1112 sententiarum
405 1048 574 1129 arcessita,
612 1047 800 1132 excipimur,
838 1048 872 1110 in
897 1070 995 1110 unum
1019 1068 1119 1129 genus
1144 1067 1219 1109 oon·

148 1153 243 1219 flatae
268 1166 352 1238 sunt,
378 1156 435 1220 sed
458 1157 505 1219 ita
528 1166 563 1219 ut
585 1157 708 1241 primae
732 1156 815 1239 parti
840 1154 945 1220 subsit
969 1156 1079 1236 altera,
1113 1155 1217 1235 tertia,

149 1272 262 1346 quarta
286 1258 340 1345 (of.
366 1263 405 1326 de
429 1287 474 1327 or.
500 1264 529 1345 3,
556 1263 597 1339 ἐξ
616 1263 687 1346 155,
715 1264 788 1345 169,
816 1264 894 1345 1701
920 1285 965 1327 or.
990 1264 1042 1344 27,
1061 1256 1128 1343 94).
1165 1257 1219 1324 816

149 1369 339 1433 tralationes
364 1366 479 1434 Cicero
508 1370 675 1434 universas
705 1392 759 1434 eas
784 1371 953 1434 verborum
977 1368 1218 1432 immutationes

150 1498 221 1540 esse
250 1476 352 1539 voluit
380 1499 460 1561 quos
485 1473 601 1540 Graeci
629 1475 765 1558 τρόπους
793 1478 961 1541 vocabant.
1008 1476 1082 1539 Non
1111 1486 1218 1538 autem

150 1581 213 1646 1106
236 1605 337 1666 genus
362 1594 465 1647 toturn
488 1584 521 1646 in
544 1582 780 1647 Partitionibus
805 1582 863 1647 sed
886 1605 942 1646 eae
958 1583 1152 1646 mutationes
1169 1604 1219 1645 so·

154 1688 206 1752 lae
239 1712 321 1774 quae
345 1688 468 1754 Graece
498 1690 647 1753 dicuntur
670 1692 852 1774 μεταφοραὶ
879 1689 1060 1753 tralationis
1088 1689 1219 1753 nomine

151 1796 385 1880 significantur.
418 1795 549 1861 Tralata
572 1798 658 1860 enirn
675 1820 714 1860 ex
731 1819 831 1882 aequo
849 1819 922 1860 curn
937 1796 1114 1860 immutatis
1132 1796 1219 1861 aliis·

151 1926 213 1988 que
243 1914 408 1990 troporum
432 1906 602 1988 generibus
629 1904 827 1989 copulantur.
873 1903 1005 1967 Etiam
1029 1903 1091 1966 1106
1116 1926 1218 1986 genus

150 2011 408 2076 modificatorum
444 2033 500 2075 our
534 2013 580 2075 ita
615 2010 658 2075 sit
685 2012 718 2074 in
746 2011 979 2075 Partitionibus
1009 2011 1220 2074 constitutum

151 2119 298 2183 uidemur
322 2120 495 2205 aperuisse,
522 2129 556 2183 ut
580 2119 730 2183 omnibus
754 2119 905 2183 videlicet
929 2141 1011 2204 quae
1035 2121 1149 2204 quavis
1169 2143 1218 2182 ra·

149 2226 238 2289 tione
268 2226 503 2291 transferuutur
531 2249 699 2291 commune
731 2249 849 2290 nomen
879 2226 1098 2310 imponeretur
1125 2248 1217 2308 neve,

148 2332 183 2395 id
219 2333 304 2417 quod
332 2335 365 2397 in
395 2334 614 2419 superioribus
642 2335 734 2398 libris
766 2333 953 2398 confusione
983 2332 1120 2418 quadam
1152 2356 1218 2397 non

150 2452 251 2522 caret,
281 2441 321 2504 iis
345 2440 571 2504 tralationibus
600 2463 682 2526 quae
709 2444 892 2526 μεταφοραὶ
914 2449 1070 2505 vocantur
1093 2440 1218 2524 reliqua

148 2546 296 2609 mutandi
320 2569 438 2630 genera
462 2547 694 2611 subicerentur.
731 2543 814 2610 Sunt
838 2548 935 2630 igitur
954 2557 1127 2632 praecepta
1143 2548 1218 2611 sim·

148 2653 284 2738 plicium
311 2653 528 2738 pervestigata
562 2676 623 2718 neo
657 2677 735 2718 sane
762 2654 864 2717 multa
891 2654 1047 2718 habemus
1072 2676 1153 2738 quae
1178 2654 1218 2717 de

150 2761 332 2825 coniunctis
360 2759 529 2845 addamne,
566 2761 601 2825 in
628 2762 745 2846 quibus
773 2761 835 2824 duo
863 2759 978 2826 Cicero
1006 2763 1041 2825 in
1068 2761 1218 2825 Partitio-

148 2869 244 2933 nibus
268 2869 425 2954 praecipit
447 2880 483 2933 ut
507 2879 683 2951 serventur,
709 2869 833 2932 numeri
858 2868 990 2953 quidam
1013 2881 1045 2932 et
1065 2891 1217 2932 consecu-

148 2977 194 3040 tio
218 2976 390 3040 verborum
414 2972 530 3059 (§18).
565 2976 619 3040 Illi
643 2977 783 3039 maxime
808 2997 904 3038 sensu
928 2972 982 3057 (61.
1000 2999 1045 3039 01.
1062 2977 1115 3058 49,
1136 2977 1214 3057 1621

149 3083 202 3164 55,
226 3083 288 3146 183
306 3078 391 3164 cet),
417 3082 496 3147 haec
519 3084 645 3147 ratione
669 3083 838 3146 iudicatur.
874 3084 984 3167 Atque
1008 3084 1042 3146 iu
1065 3083 1216 3146 Partitio-

149 3190 247 3253 nibus
271 3213 476 3254 numerorum
500 3191 630 3254 nornine
648 3214 666 3253 a
682 3190 815 3253 meliore
838 3200 928 3274 parte
945 3192 1050 3255 omnis
1069 3191 1131 3253 dici
1149 3214 1215 3254 ma-

148 3297 230 3360 teria
259 3295 388 3359 videtur
416 3319 497 3381 quae
526 3299 561 3360 in
588 3297 644 3360 lib.
675 3296 714 3359 de
744 3319 789 3359 or.
818 3296 852 3359 in
877 3297 1121 3361 collocationem
1147 3319 1215 3360 ver·

148 3405 263 3468 borum
288 3412 320 3466 et
341 3402 473 3466 modum
495 3403 695 3487 formamque
720 3403 873 3465 orationis
898 3400 942 3485 (3,
965 3404 1018 3486 43,
1039 3406 1098 3469 171
1119 3399 1214 3488 sqq),

147 3512 182 3575 in
207 3510 344 3576 Oratore
380 3510 414 3573 iu
444 3510 709 3594 compositionem
733 3509 916 3592 verborum,
954 3512 1214 3591 concinnitatem,

146 3639 298 3683 numeros
334 3617 485 3681 tribuitur
512 3614 578 3699 (44,
606 3618 683 3697 149;
709 3617 765 3698 60,
791 3612 880 3699 202).
927 3617 1041 3702 Neque
1066 3617 1151 3681 enim
1175 3640 1215 3681 ex

147 3726 199 3790 his
233 3724 379 3810 partibus
404 3720 595 3789 Ciceronem
624 3723 660 3787 in
687 3723 920 3788 Partitionibus
950 3724 1046 3787 ullam
1075 3733 1215 3808 praeter·

148 3833 276 3896 mittere
299 3832 440 3898 voluisse
468 3855 509 3895 ex
537 3854 573 3895 eo
602 3832 763 3916 colligitur
786 3831 871 3916 quod
901 3854 955 3895 eas
984 3854 1095 3894 omnes
1119 3831 1215 3915 paulo

148 3940 222 4024 post
244 3941 277 4002 in
303 3941 393 4004 suavi
417 3962 533 4023 genere
558 3938 686 4003 dicendi
706 3938 896 4024 exponendo
912 3938 946 4021 (§
963 3932 1019 4020 21)
1036 3937 1216 4000 accuratius

148 4046 360 4130 persequitur.
407 4045 459 4111 De
495 4048 722 4110 consecutione
758 4045 902 4131 quidem,
940 4067 1038 4128 quam
1073 4054 1146 4107 aute
1181 4045 1216 4107 in
