2746 4560
659 235 702 299 54

145 423 223 478 runt
226 439 261 478 ur
296 437 391 499 quam
426 414 528 498 ipsius
564 413 663 477 animi
703 412 793 476 habit
781 423 832 476 tus
865 423 974 497 speota
975 421 1036 475 t.ur
1083 410 1225 475 Planius

151 534 257 586 autem
281 521 316 584 in
339 520 395 585 lib.
421 519 538 584 defin
563 517 607 603 (2,
631 522 681 602 14,
699 514 756 600 46)
781 519 859 583 haec
882 518 984 582 virtus
934 518 1145 582 teffioi
1117 518 1222 602 signi·

148 630 224 692 fieat
211 637 263 691 tur
297 627 338 691 iis
370 649 451 712 quae
486 650 638 711 magnum
672 626 836 710 altumque
871 627 1014 690 animum
1042 624 1225 688 declarent..

148 734 203 799 Ad
238 757 334 818 quam
370 734 564 799 sententiam
597 735 704 820 ipsum
739 733 867 797 virtutis
896 755 1014 797 nomen
1038 732 1072 795 in
1095 731 1154 795 lib.
1180 731 1227 794 de

149 840 202 905 off.
228 841 336 925 aliqua.
360 864 400 905 ex
422 853 512 927 parte
537 840 806 921 accommodatur,
832 862 914 925 quae
938 862 1003 903 non
1027 838 1134 904 solum
1157 837 1224 902 for-

152 947 254 1011 titudo
279 947 337 1011 sed
366 971 461 1034 saepe
491 948 582 1011 ιοιιιι
584 947 646 1012 udo
675 959 706 1011 et
733 959 859 1029 matgur
836 947 923 1010 'tudo
947 947 1045 1010 animi
1070 955 1127 1009 aut
1150 955 1228 1009 tan

148 1054 312 1118 tummodo
337 1055 524 1139 magnitudo
554 1055 653 1118 animi
680 1077 761 1119 voca
762 1049 872 1137 ur(
899 1053 940 1130 ἐξ
957 1049 1119 1135 61-92),
1154 1074 1223 1137 quo

148 1163 278 1226 nomine
313 1163 381 1227 solo
409 1161 490 1226 haee
517 1162 581 1226 virt
583 1172 657 1226 ust
659 1171 711 1225 a
734 1186 768 1225 ιιι
791 1160 869 1225 Part
870 1161 1025 1225 itionibus
1050 1159 1229 1244 designata

149 1278 207 1333 est.
258 1268 351 1333 Haeo
391 1292 465 1352 ergo
506 1268 545 1332 de
583 1270 724 1333 nominis
763 1269 949 1332 mutatione.
1011 1268 1108 1332 Notio
1148 1268 1227 1352 ipsa

150 1376 255 1461 qualis
279 1376 322 1440 sit
344 1376 470 1461 plenius
496 1372 610 1440 Cicero
634 1377 667 1439 ιιι
691 1376 747 1440 lib.
774 1376 813 1440 de
841 1376 893 1441 off.
919 1399 1015 1461 quam
1039 1377 1073 1438 ιιι
1095 1375 1154 1439 lib.
1182 1375 1224 1440 de

150 1483 217 1546 inv.
242 1492 273 1545 et
296 1483 336 1546 in
353 1483 410 1546 lib.
436 1482 475 1547 de
499 1485 553 1547 fin.
579 1485 720 1568 exponit.
767 1483 1005 1548 Fortitudinem
1034 1482 1121 1547 enim
1151 1483 1226 1547 sive

151 1589 406 1674 magnitudinem
440 1590 540 1654 animi
575 1589 699 1655 duobus
736 1592 893 1655 contineri
929 1591 1016 1673 dicit,
1054 1590 1154 1654 altero
1187 1592 1223 1654 in

151 1696 363 1782 despicientia
385 1720 492 1760 rerum
517 1707 730 1779 externarum,
767 1697 867 1761 altero
902 1698 937 1761 in
963 1698 1060 1762 rebus
1091 1699 1226 1781 magnis

82 1844 85 1848 -
151 1804 322 1889 arduisque
347 1804 495 1889 gerendis
518 1805 624 1890 posito
648 1802 702 1885 (de
726 1804 778 1868 off.
806 1808 834 1885 1,
852 1806 904 1887 20,
923 1803 1005 1883 ὅθι·
1030 1804 1223 1890 Despioien·

150 1910 230 1976 tiam
253 1922 361 1977 autem
383 1935 490 1976 rerum
515 1922 719 1976 externarum
742 1912 784 1976 ad
808 1913 870 1975 duo
893 1912 991 1976 refert
1014 1910 1058 1995 (1,
1077 1911 1129 1994 20,
1148 1908 1224 1995 67),
1265 1952 1266 1955 =

154 2020 182 2084 si
222 2021 293 2104 quis
333 2019 367 2082 id
407 2020 510 2085 solum
549 2019 635 2104 quod
673 2020 844 2084 honestum
880 2021 922 2084 sit
949 2020 1071 2084 bonum
1101 2019 1230 2084 iudicet

151 2126 269 2211 itaque,
306 2126 392 2211 quod
429 2127 545 2191 clarius
575 2149 616 2190 ex
644 2127 801 2212 exemplis
825 2128 939 2211 positis
969 2127 1073 2191 elucet
1096 2125 1130 2206 (ἓ
1149 2124 1222 2208 68),

152 2233 344 2318 cupiditates
368 2234 550 2299 moderetur
574 2244 606 2298 et
629 2235 657 2299 si
680 2235 721 2297 ab
746 2235 835 2298 οιιιιιι
858 2234 958 2297 animi
979 2234 1226 2319 perturbatione

152 2340 235 2404 liber
274 2341 325 2404 sit.
387 2340 474 2425 Ergo
514 2365 554 2405 ex
591 2342 653 2406 hac
690 2351 780 2426 parte
820 2341 1007 2425 magnitudo
1046 2342 1147 2406 animi
1182 2342 1223 2406 ad

128 2442 281 2511 ¹easdem
317 2470 367 2511 res
403 2457 498 2532 atque
532 2449 745 2534 temperantia
778 2458 947 2513 revocatur
975 2449 1107 2533 eiusque
1131 2450 1226 2513 notio

153 2555 305 2618 universa
340 2554 452 2618 eadem
480 2554 545 2619 iere
575 2567 623 2620 est
652 2579 732 2641 quae
756 2558 791 2620 in
813 2556 1057 2621 Partitionibus.
1105 2556 1146 2621 Ιιι
1170 2556 1226 2622 his

154 2671 210 2724 aut
211 2684 262 2725 em
285 2662 386 2725 multo
411 2673 541 2726 aoourat
542 2664 635 2727 iust
636 2673 690 2726 ota
712 2686 763 2727 res
789 2663 853 2729 dist
854 2664 954 2728 ribuit
941 2673 992 2726 tur
1013 2664 1223 2833 maximeque

153 2769 305 2834 videntur
338 2769 373 2833 in
407 2769 464 2833 lib.
490 2769 528 2833 de
553 2770 605 2834 off.
629 2770 686 2833 illa
709 2771 917 2854 neglegenter
951 2771 1044 2835 instit
1047 2771 1224 2856 utaquod

152 2898 257 2960 neque
291 2875 480 2960 magnitudo
509 2877 609 2941 animi
637 2888 670 2941 et
695 2876 849 2942 fortitudo
878 2900 983 2962 neque
1010 2877 1166 2942 fortitudo
1192 2887 1228 2942 et

152 2984 309 3068 patientia
343 2984 595 3068 distinguuntur.
641 2984 712 3049 Iam
748 2985 882 3049 alteram
910 2984 1077 3050 videamus
1101 2996 1224 3071 tempe·

152 3091 276 3153 rantiae
315 3101 439 3175 partem
478 3091 519 3154 ad
559 3092 816 3156 communionem
853 3115 961 3156 rorum
990 3092 1225 3178 pertinentem3

154 3196 240 3281 quod
278 3197 408 3281 quidem
446 3199 586 3261 maxime
628 3201 792 3285 proprium
835 3222 906 3265 esse
944 3200 1087 3264 iustitiae
1126 3222 1226 3286 saepe

155 3300 271 3368 Cicero
294 3305 457 3388 variisque
481 3304 585 3368 modis
611 3307 817 3389 significavit.
856 3307 916 3370 Ait
940 3307 1084 3370 enimin
1107 3306 1227 3371 lib.de

124 3431 126 3436 ·
154 3413 219 3475 inv.
244 3411 288 3493 (2,
315 3412 367 3493 53,
396 3406 474 3493 160)
497 3412 655 3476 iustitiam
678 3414 840 3477 communi
869 3414 1008 3478 utilitate
1033 3425 1230 3479 conservata

155 3542 250 3584 suum
274 3519 388 3603 cuique
411 3519 552 3582 tribuere
581 3528 613 3582 et
640 3518 675 3581 in
698 3519 753 3584 lib.
780 3519 819 3584 de
841 3521 897 3584 fin.
927 3519 971 3603 (2,
1000 3521 1048 3601 14,
1074 3514 1131 3600 45)
1167 3520 1226 3584 ho-

153 3628 275 3691 minem
308 3626 370 3691 hao
404 3627 503 3690 virtut
505 3637 709 3691 enascente
737 3650 772 3692 se
796 3630 949 3692 societate
974 3629 1117 3691 omnium
1140 3651 1229 3692 mor-

154 3735 267 3798 talium
304 3735 471 3856 implicare
500 3744 532 3799 et
562 3734 682 3799 inlib.
708 3735 747 3799 de
776 3735 828 3800 off.
863 3734 908 3818 (1,
934 3736 964 3816 5,
991 3730 1048 3816 15)
1085 3734 1227 3799 eandem

155 3842 306 3906 virtutem
349 3843 385 3907 in
426 3843 594 3908 hominum
633 3844 767 3908 societa
769 3842 945 3907 etuenda
986 3841 1228 3928 tribuendoque

155 3971 248 4013 suum
287 3950 402 4035 cuique
437 3960 469 4015 et
501 3974 609 4015 rerum
645 3961 879 4015 contractarum
910 3950 974 4014 fide
1003 3950 1137 4014 versari.
1185 3951 1228 4016 In

154 4057 332 4142 primisque
368 4057 430 4122 duo
459 4057 572 4122 tribuit
595 4058 629 4121 in
652 4057 709 4122 lib.
735 4057 774 4120 de
798 4058 850 4122 off.
879 4055 923 4140 (1,
951 4059 979 4140 7,
1005 4052 1062 4138 20)
1095 4059 1228 4123 ιιιιιιιοιι
