2746 4560
640 183 683 246 46

129 380 259 422 causam
293 359 389 423 certis
428 359 584 443 personis,
621 359 712 439 locis,
752 360 961 444 temporibus,
1000 359 1197 441 actionibus

127 465 266 548 negotiis
302 466 389 529 cerni
426 465 504 529 dicit
539 478 594 529 aut
628 468 663 529 in
699 466 850 530 omnibus
885 475 941 530 aut
974 467 1007 529 in
1031 466 1200 552 plerisque

128 595 246 654 eorum,
271 573 470 657 propositum
494 583 601 636 autem
624 573 658 636 in
675 573 782 657 aliquo
799 596 908 637 eorum
925 584 981 637 aut
996 575 1030 637 in
1046 573 1199 658 pluribus

127 689 188 743 ne'c
211 691 318 743 tamen
346 681 379 742 in
410 680 569 744 maximis.
618 677 683 744 Sed
719 681 746 744 si
782 679 864 744 nihil
892 681 976 744 inter
1004 703 1136 745 causam
1167 689 1200 743 et

128 787 326 870 propositum
349 787 484 850 interest
506 788 569 851 nisi
594 787 679 872 quod
703 787 812 871 plures
836 789 869 851 in
894 809 992 852 causa
1015 788 1081 851 sint
1098 786 1137 851 (16
1155 788 1199 852 iis

127 894 232 975 rebus,
258 916 336 978 quas
360 894 525 958 nominavi
549 890 642 979 (quas
660 891 777 958 Graeci
801 900 984 977 περίστασιν
1008 890 1197 977 vocabant),

128 1022 225 1084 quam
259 1002 291 1064 in
319 1001 496 1087 proposit0,
532 1002 738 1087 perspicuum
775 1013 824 1065 est
864 1001 944 1065 haec
971 1024 1090 1084 genera
1116 1023 1198 1084 non,

128 1117 163 1170 ut
184 1109 217 1171 in
234 1107 477 1191 Partitionibus,
503 1109 543 1172 iis
563 1109 750 1191 regionibus
768 1107 894 1173 definiri
911 1110 1027 1194 quibus
1044 1119 1198 1173 accurate

127 1216 210 1279 inter
233 1238 267 1279 se
292 1216 524 1280 discernantur.
546 1216 674 1300 'Neque
698 1217 783 1279 omni
801 1231 948 1301 exparte
971 1238 1009 1279 ac
1033 1215 1103 1280 sine
1128 1215 1200 1279 ulla

127 1324 316 1409 exceptione
339 1334 426 1388 recte
449 1324 648 1408 propositum
671 1346 745 1408 pars
770 1345 885 1388 causae
905 1324 1060 1410 appellari
1076 1333 1197 1410 potest.

127 1427 234 1510 Quam
258 1431 343 1493 enim
367 1431 431 1493 late
455 1431 601 1514 quaestio
624 1441 733 1515 pateat
757 1432 784 1494 si
799 1431 979 1516 respicitur,
1005 1453 1102 1494 causa
1117 1453 1198 1516 pars

127 1547 176 1600 est
202 1537 371 1622 propositi3
407 1536 504 1620 idque
534 1532 648 1600 Cicero
677 1537 711 1599 in
740 1536 975 1602 Partitionibus
1011 1536 1197 1601 scribendis

126 1644 332 1708 hauddubie
356 1644 516 1709 sentiebat
544 1646 744 1728 propositum
773 1644 883 1709 dicens
913 1669 978 1709 non
1003 1644 1198 1729 simpliciter

126 1761 249 1836 partem
273 1774 388 1816 causae
412 1751 469 1816 sed
493 1752 586 1836 quasi
610 1764 734 1836 partem
758 1774 873 1815 causae
897 1774 968 1816 esse
992 1761 1023 1815 et
1044 1751 1197 1816 latiorem

126 1859 256 1944 quidem
278 1870 401 1945 partem
425 1859 466 1923 ad
490 1882 586 1944 quam
610 1860 718 1922 omnia
733 1859 928 1924 referrentur
943 1856 1010 1941 (18,
1029 1854 1096 1941 61).
1130 1857 1196 1922 Ve-

124 1990 196 2030 rum
218 1991 283 2031 non
307 1968 411 2031 solum
433 1968 468 2030 in
491 1989 607 2049 genere
630 1967 903 2030 consultationum
919 1964 1146 2030 constituendo
1163 1976 1196 2030 et

126 2073 307 2138 definiendo
331 2074 387 2138 sed
412 2075 509 2137 etiam
536 2074 571 2137 in
600 2073 797 2137 nominando
821 2073 1081 2159 progressionem
1104 2071 1195 2139 fecit.

122 2181 162 2245 In
185 2182 241 2248 lib.
266 2183 354 2246 enim
378 2182 417 2246 (16
441 2184 506 2246 166.
543 2181 587 2265 (1,
614 2183 643 2263 6,
669 2177 705 2263 8)
740 2194 771 2245 et
802 2181 903 2245 semel
930 2182 964 2244 in
994 2180 1051 2244 lib.
1081 2179 1121 2244 (16
1146 2203 1194 2247 or.

123 2286 167 2371 (2,
195 2292 245 2371 19,
272 2286 327 2371 18)
351 2312 452 2374 genus
476 2290 638 2353 infinitum
662 2313 751 2352 mero
776 2289 906 2352 nomine
930 2288 1071 2373 appellat
1096 2309 1195 2372 quae·

124 2397 248 2461 stionis.
297 2395 392 2475 Quod
420 2397 573 2481 quoniam
602 2419 701 2460 causa
729 2418 856 2480 quoque
880 2395 1026 2480 quaestio
1051 2405 1101 2458 est
1124 2395 1194 2480 pla·

124 2525 196 2567 cere
218 2505 340 2588 nequit.
387 2504 426 2567 In
442 2504 542 2567 Bruto
567 2515 674 2568 autem
698 2518 730 2568 et
747 2506 780 2568 in
797 2503 934 2569 Oratore
955 2515 987 2567 et
1002 2504 1194 2589 plerumque

123 2612 158 2674 in
180 2611 237 2675 lib.
256 2611 295 2674 (16
311 2634 355 2676 or.
373 2611 434 2674 hoc
457 2634 558 2693 genus
582 2612 728 2696 pluribus
753 2612 861 2676 verbis
884 2611 1106 2697 potiusquam
1126 2634 1193 2675 uno

118 2719 230 2804 aliquo
254 2719 383 2782 nomine
406 2720 511 2802 posito
542 2728 597 2781 aut
620 2719 843 2802 quaestionem
868 2740 1070 2783 communem
1094 2727 1194 2783 vocat

122 2823 176 2910 (de
200 2850 245 2892 or.
265 2828 363 2909 1,31‚
383 2821 461 2908 141)
485 2836 539 2890 aut
563 2827 786 2911 quaestionem
809 2826 969 2890 infinitam
993 2824 1121 2909 generis
1137 2825 1192 2890 vel

122 2957 275 3018 generum
299 2931 352 3017 (de
377 2957 422 2998 or.
448 2935 477 3016 2,
505 2935 554 3016 15,
581 2935 633 3015 65,
660 2929 717 3015 66)
745 2942 800 2997 aut
830 2933 869 2997 (16
899 2933 1048 2997 universo
1072 2954 1192 3015 genere

121 3043 282 3106 infinitam
305 3043 528 3126 quaestionem
557 3040 610 3124 ((16
635 3065 680 3106 or.
706 3043 735 3124 2,
762 3043 813 3125 31,
842 3037 919 3123 134)
949 3050 1004 3104 aut
1028 3039 1190 3124 quaestio·

121 3171 197 3213 nem
219 3149 378 3212 infinitam
403 3159 434 3212 et
458 3150 550 3234 quasi
571 3150 770 3235 propositam
786 3148 1055 3212 consultationem
1070 3144 1124 3230 (de
1141 3168 1189 3212 or.

122 3257 152 3338 3,
178 3256 229 3338 28,
258 3251 335 3337 109)
364 3265 418 3318 aut
446 3257 714 3320 consultationem
742 3256 901 3319 infinitam
930 3251 984 3337 (de
1008 3277 1052 3318 or.
1078 3255 1107 3335 3,
1133 3253 1187 3335 29,

123 3359 201 3446 111)
225 3373 280 3426 aut
304 3385 504 3426 communem
529 3363 752 3447 quaestionem
777 3362 920 3426 universi
936 3360 1064 3445 generis
1080 3359 1186 3443 (Brut.

121 3472 173 3554 93,
199 3464 278 3552 322)
306 3480 361 3534 aut
384 3469 527 3533 universi
551 3469 677 3552 generis
703 3469 924 3552 quaestionem
947 3462 1006 3549 (or.
1025 3468 1077 3550 36,
1097 3460 1185 3548 125),

120 3581 167 3644 At
188 3580 222 3642 in
247 3577 377 3663 Topicis
402 3587 433 3641 et
456 3578 490 3640 in
513 3575 747 3640 Partitionibus
777 3575 836 3639 has
864 3575 1070 3659 quaestiones
1095 3594 1187 3636 accu-

119 3699 187 3750 rate
212 3685 360 3750 definitas
385 3695 417 3748 et
439 3683 604 3769 proposita
626 3679 671 3768 (p.
689 3705 734 3746 or.
755 3683 804 3765 18,
831 3684 887 3763 61;
912 3694 978 3766 top.
996 3682 1047 3763 21,
1075 3675 1130 3761 79)
1155 3689 1189 3743 et

121 3793 373 3858 consultationes
409 3791 517 3877 (por.
540 3793 568 3873 1,
591 3785 627 3872 4)
650 3790 804 3855 nominat.
851 3789 890 3853 In
915 3789 1045 3873 Topicis
1073 3809 1187 3852 vocem

121 3898 279 3965 Graecam
302 3899 497 3963 transferens
522 3903 608 3962 θέσιν
631 3900 685 3981 ait,
711 3897 824 3982 utqui
848 3896 970 3981 aliquid
993 3903 1100 3976 novat,
1129 3917 1187 3957 no·

119 4007 236 4071 minari
258 4028 355 4092 posse
370 4005 580 4091 propositum.
627 4005 665 4069 In
682 4003 925 4086 Partitionibus
950 4002 1038 4066 nullo
1055 4000 1188 4066 nomine
