2746 4560
640 206 682 271 18

124 381 284 445 tractandi
320 382 477 446 rationem
506 381 575 467 ipse
611 382 761 447 inlibris
792 382 831 447 de
855 394 981 448 oratore
1015 382 1193 448 ineundam

123 488 157 552 in
184 489 253 553 iure
282 488 372 554 civili
396 488 438 552 ad
466 500 568 553 artem
596 489 773 573 redigendo
804 489 957 555 docuerat
979 485 1096 574 (1‚42‚
1116 491 1191 574 188,

127 596 214 679 190),
252 606 286 659 ut
324 596 447 660 scilicet
485 598 624 682 primum
668 598 702 661 in
745 620 863 681 genera
901 620 952 663 res
993 597 1194 683 digereretur

125 701 242 766 deinde
277 725 431 787 generum
466 704 713 789 dispertirentur
751 706 911 788 membra,
953 715 1023 769 turn
1061 706 1195 790 propria

125 811 278 895 cuiusque
317 812 366 875 vis
403 811 589 875 definitione
625 811 852 877 declararetur.
903 811 947 877 Et
979 812 1018 877 de
1053 812 1193 896 singulis

123 916 351 1002 partitionibus
385 919 543 1004 plurimae
565 919 612 983 ita
636 930 711 983 sunt
739 929 941 1004 comparatae
964 928 1000 983 ut
1028 941 1083 984 eas
1109 918 1194 984 diffi-

125 1024 185 1088 cile
209 1025 252 1089 sit
274 1026 427 1089 scribenti
455 1026 517 1110 ipsi
545 1049 609 1090 non
640 1027 830 1108 attribuere,
861 1036 897 1089 ut
923 1026 1063 1111 primam
1090 1026 1194 1091 totius

125 1131 289 1197 doctrinae
305 1133 508 1217 partitionem
525 1132 579 1215 (cf.
596 1155 626 1217 p.
646 1129 711 1215 16),
738 1144 772 1197 ut
793 1133 954 1218 duplicem
984 1155 1042 1218 pro
1069 1133 1195 1220 triplici

125 1239 383 1304 distributionem
409 1263 517 1303 eorum
541 1262 622 1324 quae
646 1239 687 1303 ad
709 1240 808 1304 fidem
830 1239 1013 1305 faciendam
1027 1240 1196 1325 pertinent

123 1344 168 1433 (p.
186 1347 252 1430 18),
278 1358 313 1411 ut
329 1347 589 1412 distributionem
613 1349 872 1412 testimoniorum
900 1344 944 1433 (p.
965 1343 1019 1431 19)
1043 1357 1075 1412 et
1095 1347 1194 1412 collo·

125 1455 260 1518 cationis
284 1451 328 1539 (p.
347 1452 415 1537 21),
439 1464 473 1518 ut
489 1455 625 1539 primam
644 1455 838 1519 divisionem
856 1455 1047 1520 elocutionis
1063 1451 1109 1540 (p.
1124 1450 1193 1539 22),

124 1573 159 1625 ut
193 1562 389 1647 simplicium
423 1561 683 1626 distributionem
707 1558 751 1648 (p.
770 1563 812 1627 22
830 1559 928 1648 sqq.)‚
966 1572 1001 1627 ut
1036 1563 1195 1627 virtutum

125 1692 204 1754 quas
227 1669 422 1762 principium
445 1668 489 1754 (p.
508 1671 550 1734 29
567 1666 654 1755 sqq.)
679 1682 711 1734 et
728 1693 807 1755 quas
824 1671 965 1734 narratio
982 1668 1026 1755 (p.
1045 1671 1085 1735 31
1105 1665 1194 1755 sqq.)

124 1777 243 1842 habere
267 1778 382 1842 debeat
406 1778 682 1862 distributionem,
712 1790 748 1841 ut
770 1778 978 1864 partitionem
1007 1778 1075 1842 veri
1103 1778 1194 1842 sirni-

123 1886 203 1949 lium
218 1882 264 1971 (p.
283 1887 324 1951 33
342 1882 427 1971 sqq.)
443 1898 475 1950 et
489 1885 749 1972 reprehensionis
766 1884 810 1972 (p.
829 1888 870 1952 37
888 1882 973 1972 sqq.)
989 1897 1020 1950 et
1035 1885 1196 1953 virtutum

123 1990 167 2079 (p.
186 1994 229 2059 50
246 1988 330 2079 sqq.)
353 1994 496 2079 aliasque
520 2016 600 2079 quas
617 1995 850 2078 explicavimus
867 1993 990 2080 plures3
1015 1994 1050 2058 in
1072 1993 1194 2079 quibus

124 2102 273 2166 omnibus
296 2101 500 2186 perspicuum
524 2111 572 2165 est
590 2097 706 2165 Cicero
725 2110 873 2165 accurate
896 2099 1058 2186 partiendi
1082 2099 1194 2165 studio

124 2208 280 2272 adductus
305 2220 337 2272 et
360 2230 416 2272 cur
440 2232 459 2272 a
482 2208 628 2293 pristinis
664 2208 731 2272 suis
760 2209 989 2293 partitionibus
1024 2206 1195 2272 discedere

125 2316 271 2382 debuerit
294 2325 326 2380 et
348 2317 464 2401 quibus
490 2317 552 2380 viis
581 2316 622 2379 ad
648 2339 701 2380 eas
726 2339 805 2401 quas
833 2339 934 2380 novas
963 2315 1094 2381 induxit
1120 2315 1194 2400 ipse

125 2425 194 2488 sine
219 2423 299 2487 duce
322 2425 462 2508 potuerit
490 2424 669 2508 pervenire.
715 2422 863 2507 Vestigia
897 2432 1005 2487 autem
1040 2444 1122 2507 quae
1158 2423 1195 2487 in

125 2532 165 2596 iis
178 2554 259 2616 quae
275 2532 413 2616 primum
425 2532 460 2595 in
472 2530 705 2596 Partitionibus
719 2531 839 2616 profert
850 2530 1004 2615 indagare
1017 2552 1194 2616 possumus

125 2640 249 2703 alienae
273 2637 437 2702 doctrinae
460 2662 525 2703 non
549 2639 590 2703 ad
608 2663 707 2702 unum
724 2638 781 2703 sed
804 2638 846 2702 ad
863 2639 979 2723 plures,
1005 2636 1046 2703 ad
1062 2637 1196 2702 Aristo·

124 2747 230 2830 telem,
256 2744 522 2830 Theophrastum,
548 2746 764 2828 Athenaeum,
795 2743 1015 2828 Cornificium,
1041 2754 1196 2830 spectant

124 2853 177 2937 (cf.
202 2878 254 2941 pp.
273 2856 325 2938 27,
351 2854 403 2936 41,
425 2854 478 2936 45,
502 2853 554 2936 59,
578 2849 645 2935 66).
692 2853 806 2937 Neque
828 2875 865 2916 ea
886 2852 994 2917 omnia
1015 2852 1048 2916 in
1070 2852 1194 2937 quibus

124 2963 202 3028 talia
223 2963 383 3048 impressa
405 2961 542 3044 vestigia
566 2970 641 3024 sunt
665 2960 735 3024 sine
752 2960 928 3024 mutatione
945 2970 977 3023 et
993 2961 1196 3025 correctione

125 3072 165 3135 ab
189 3069 253 3135 illis
278 3069 488 3153 scriptoribus
525 3076 657 3153 accepta
680 3067 814 3131 tradidit
837 3067 893 3132 sed
931 3064 1109 3152 supplendo
1133 3067 1197 3132 ali·

125 3190 213 3241 terve
237 3175 463 3240 conformando
488 3198 547 3239 sua
570 3197 610 3238 ex
634 3175 748 3239 alienis
778 3174 862 3238 fecit.
912 3174 956 3239 Et
982 3174 1054 3237 fieri
1083 3183 1198 3259 potest

128 3294 161 3348 ut
183 3284 282 3348 simili
303 3282 399 3346 modo
423 3283 520 3346 etiam
545 3283 585 3346 ab
610 3283 682 3346 aliis
706 3304 809 3368 pauca
832 3282 875 3347 sit
896 3290 1071 3346 mutuatus.
1110 3280 1198 3349 Uni·

124 3415 253 3457 versum
282 3401 389 3453 autem
415 3388 563 3453 libellum
589 3388 672 3452 nihil
699 3401 749 3453 est
777 3411 892 3454 causae
920 3389 1018 3475 quod,
1055 3399 1091 3454 ut
1121 3393 1198 3476 qui·

126 3495 249 3583 dam¹⁵),
273 3508 421 3583 putemus
439 3493 629 3562 Ciceronem
653 3519 694 3561 ex
717 3520 780 3561 uno
805 3499 912 3583 aliquo
933 3495 1021 3561 fonte
1046 3495 1198 3567 duxisse.

124 3609 236 3693 Neque
251 3606 331 3670 illud
348 3606 543 3689 significavit
559 3627 632 3669 cum
648 3604 769 3669 diceret
784 3602 828 3691 (p.
846 3629 891 3669 or.
908 3607 962 3688 40,
981 3599 1059 3686 139)
1076 3627 1198 3675 omnes

125 3716 279 3781 oratorias
303 3713 492 3800 partitiones
517 3737 557 3777 ex
580 3712 760 3778 Academia
783 3713 970 3778 effloruisse.
1003 3707 1102 3791 Quod
1122 3716 1200 3799 qui-

213 3963 244 4030 15)
264 3961 304 4017 cf.
325 3961 355 4016 Ο.
374 3961 497 4030 Wallies,
525 3960 559 4015 de
586 3960 706 4014 fontibus
735 3958 898 4029 Topicorum
917 3957 1063 4026 Ciceronis,
1082 3957 1151 4018 Hal.
1171 3980 1199 4020 a.

126 4051 203 4118 1878,
221 4068 268 4120 pp.
281 4051 324 4119 21,
344 4052 387 4119 41,
406 4051 450 4105 48.
