2746 4560
671 236 692 300 9

144 412 237 476 sisse.
284 411 336 494 Et,
362 412 455 497 quasi
478 411 576 477 nullis
601 411 641 476 ad
665 411 749 476 hanc
772 436 841 477 rem
865 412 1118 477 confirmandam
1134 424 1213 498 opu's

145 528 232 584 esset
275 518 482 602 argumentis,
527 529 704 605 posuerunt
741 520 781 584 iis
822 543 903 606 quae
938 519 977 584 de
1013 521 1078 585 otio
1110 520 1213 605 deque

145 626 250 691 Roma
284 626 424 691 exeundi
458 636 618 712 potestate
647 626 827 712 studiisque
854 628 958 692 Marci
981 627 1213 714 philosophicis

144 733 290 798 nondum
314 734 472 819 susceptis
497 734 646 799 dicuntur
669 757 779 800 veram
803 758 874 800 esse
898 737 1100 800 occasionem
1123 745 1213 800 nota-

91 876 95 880 ·
145 850 221 919 tam,
247 864 329 927 quae
353 842 421 906 eius
446 842 500 927 qui
525 842 681 908 scriberet
704 844 812 908 animo
837 844 1070 926 obversaretur,
1107 853 1138 908 et
1166 844 1213 908 sic

144 949 318 1012 terminum
352 970 448 1033 posse
482 950 635 1014 constitui
670 960 744 1036 post
778 972 874 1035 quem
904 951 1087 1014 necessario
1110 950 1213 1014 Parti·

144 1056 250 1120 tiones
288 1057 486 1143 conscriptae
521 1056 717 1136 viderentur.¹
769 1053 852 1122 Cum
888 1057 974 1121 enim
1008 1058 1213 1142 perspicuum

144 1164 189 1228 sit
211 1162 357 1227 libellum
380 1187 445 1227 non
469 1174 544 1228 ante
560 1163 594 1227 id
614 1174 740 1250 tempus
758 1164 913 1250 scriptum
930 1186 1000 1229 esse
1017 1186 1079 1249 quo
1097 1160 1212 1229 Cicero

145 1293 203 1356 pro
240 1271 370 1336 consule
404 1272 439 1335 in
467 1267 617 1336 Ciliciam
641 1271 803 1357 profectus
827 1282 877 1337 est
903 1272 1004 1357 isque,
1041 1281 1212 1357 postquam

146 1388 282 1442 exeunte
316 1378 383 1443 fere
415 1402 500 1443 anno
530 1379 585 1465 qui
610 1376 750 1444 Caesare
775 1378 931 1443 dictatore
954 1380 1071 1443 iterum
1094 1379 1155 1443 fuit
1177 1379 1212 1442 in

145 1486 258 1550 urbem
280 1485 385 1568 rediit,
411 1487 550 1572 primum
575 1508 646 1549 eam
669 1487 816 1572 proximo
840 1510 925 1551 anno
949 1510 1060 1552 rursus
1075 1487 1212 1572 relique·

141 1593 196 1676 rit,
221 1603 379 1678 negarunt
403 1604 478 1658 ante
501 1593 587 1657 hunc
611 1617 731 1658 annum
754 1595 795 1658 ab
820 1617 857 1659 co
882 1593 946 1658 dici
969 1594 1113 1679 potuisse
1129 1616 1211 1679 quae

143 1701 179 1764 in
212 1700 446 1766 Partitionibus
482 1700 642 1766 Oratoriis
679 1700 717 1765 de
752 1711 912 1786 potestate
939 1701 1044 1764 Roma
1073 1700 1212 1764 exeundi

127 1808 304 1892 leguntur.
351 1807 470 1873 Postea
505 1819 612 1873 autem
647 1831 702 1874 eas
732 1831 798 1873 non
826 1831 896 1873 esse
924 1808 1027 1872 editas
1052 1809 1134 1891 aliis,
1172 1807 1211 1872 de

143 1915 261 1999 quibus
296 1914 380 1978 infra
414 1915 586 1980 dicendum
616 1916 685 1998 erit,
715 1915 913 1999 argumentis
942 1914 1116 1979 satisfacile
1140 1937 1211 1978 esse

144 2023 280 2106 probare
305 2021 472 2086 duxerunt.
509 2021 576 2086 Vix
600 2031 706 2086 autem
731 2023 785 2106 qui
809 2045 878 2086 rem
894 2022 1095 2086 excusserint
1111 2032 1212 2085 totam

143 2130 189 2192 ita
212 2128 252 2192 ad
276 2152 396 2193 annum
421 2131 461 2194 ab
479 2130 557 2193 urbe
575 2128 704 2192 condita
720 2128 1042 2214 septingentesimum
1062 2138 1211 2192 octavum

145 2237 244 2300 verba
268 2236 307 2300 de
331 2237 448 2320 quibus
473 2236 608 2320 agimus,
634 2235 806 2299 dummodo
830 2236 871 2299 iis
895 2258 972 2299 vera
992 2235 1123 2320 depingi
1140 2258 1212 2299 cen·

144 2352 245 2421 scant,
282 2353 427 2427 spectare
460 2342 660 2406 iudicabunt.
708 2339 744 2407 Si
773 2343 859 2406 enim
881 2343 961 2407 illud
985 2343 1070 2427 quod
1095 2342 1212 2407 dicitur

142 2472 257 2514 verum
291 2459 349 2533 est,
385 2450 457 2513 ideo
489 2446 639 2515 Ciceroni
675 2451 777 2515 otium
804 2451 904 2516 fuisse
929 2449 1014 2536 quod
1037 2451 1210 2537 aliquando

141 2558 249 2622 Roma
272 2556 412 2621 exeundi
435 2567 577 2643 potestas
603 2557 678 2622 data
705 2568 801 2642 esset,
836 2557 911 2622 inde
947 2559 1084 2623 efficitur
1119 2569 1154 2622 ut
1181 2560 1210 2623 ei

142 2666 244 2729 otium
267 2687 332 2729 non
355 2665 511 2728 fueritin
534 2666 622 2730 urbe.
669 2666 717 2729 At
740 2665 863 2730 Romae
887 2689 924 2730 eo
948 2676 1090 2752 tempore
1114 2666 1210 2730 inter·

143 2774 244 2838 missa
282 2796 340 2838 sua
379 2772 486 2837 studia
527 2775 692 2838 revocavit
735 2770 788 2857 (cl.
814 2773 864 2838 ad.
889 2773 963 2838 fam.
989 2775 1019 2856 9,
1046 2776 1074 2857 1,
1100 2770 1135 2856 2)
1173 2794 1211 2837 ac

142 2881 248 2946 medio
277 2903 388 2944 mense
411 2880 519 2965 Aprili
542 2880 583 2944 ad
607 2880 786 2945 Varronem
816 2881 946 2966 scripsit
980 2881 1143 2945 uberiores
1175 2903 1210 2944 se

143 3011 240 3073 quam
264 2997 360 3053 antea
383 3011 423 3052 ex
446 2988 563 3052 litteris
589 3011 703 3073 capere
725 2988 848 3053 fructus
872 2984 927 3072 (ad
950 2989 1025 3052 fam.
1047 2989 1077 3071 9,
1104 2990 1133 3071 3,
1159 2984 1208 3071 2),

143 3119 313 3181 pugnaque
342 3119 423 3181 quae
447 3119 476 3160 a.
498 3096 528 3160 d.
552 3095 642 3160 VIII.
666 3095 715 3161 Id.
736 3097 841 3183 April.
867 3096 908 3160 ad
932 3096 1097 3183 Thapsum
1125 3095 1210 3160 facta

142 3213 192 3267 est
215 3198 268 3285 (cf.
294 3203 354 3269 Ov.
372 3203 398 3267 F
401 3212 460 3268 ast.
485 3205 515 3287 4,
543 3199 621 3285 377)
644 3205 792 3268 nuntiata
815 3203 920 3268 adhuc
942 3204 976 3267 in
1002 3205 1078 3269 urbe
1102 3227 1209 3268 mane-

143 3309 200 3373 bat
226 3305 280 3392 (cf.
305 3310 345 3373 ad
368 3311 444 3375 fam.
467 3311 496 3393 9,
523 3306 570 3392 2),
601 3320 644 3394 ut,
677 3333 750 3375 cum
777 3311 888 3396 paucis
913 3311 1026 3376 diebus
1050 3321 1124 3396 post
1147 3311 1209 3375 cla·

143 3415 218 3479 dem
232 3415 501 3500 Pompeianorum
519 3414 600 3482 Cato
624 3428 763 3482 mortem
788 3419 851 3483 sibi
868 3419 1070 3501 consciverit,
1093 3416 1208 3483 Cicero

142 3533 251 3587 autem
286 3522 424 3588 Brutum
462 3526 628 3611 scripserit
665 3527 740 3591 vivo
776 3535 811 3590 ut
843 3526 972 3590 videtur
1000 3522 1124 3590 Catone
1154 3521 1208 3608 (cf.

141 3631 196 3697 ΒΓ.
215 3633 267 3714 31,
294 3626 386 3713 118),
423 3632 491 3695 veri
526 3633 631 3697 simile
666 3635 708 3698 sit
736 3633 821 3697 hunc
848 3634 966 3697 librum
991 3632 1113 3696 Romae
1138 3654 1209 3696 esse

142 3739 331 3824 perfectum,
371 3738 428 3801 ubi
466 3739 565 3802 etiam
602 3749 715 3824 postea
750 3739 862 3803 eodem
897 3761 981 3802 anno
1018 3736 1208 3804 Ciceronem

140 3846 287 3932 pristinis
312 3845 447 3910 abiectis
471 3846 737 3930 occupationibus
760 3847 795 3908 in
818 3845 934 3910 litteris
958 3855 1121 3911 versatum
1137 3869 1208 3912 esse

140 3953 248 4037 plures
272 3935 333 4018 boc
356 3962 499 4038 tempore
524 3953 662 4038 scriptae
686 3952 842 4038 epistulae
866 3963 941 4018 sunt
965 3962 1063 4018 testes
1088 3950 1142 4039 (cf.
1168 3955 1208 4019 ad

140 4060 215 4126 fam.
241 4063 271 4146 9,
297 4062 349 4145 20,
376 4063 411 4144 3,
448 4061 478 4145 4,
504 4061 534 4145 4,
559 4063 594 4144 4,
631 4062 660 4142 9,
687 4061 744 4144 26,
783 4059 925 4145 1217).
974 4060 1082 4141 Quare
1110 4063 1151 4128 ad
1174 4063 1208 4127 id
