2746 4560
694 235 736 299 72

181 415 308 480 toritate
331 414 438 478 rerum
462 412 683 496 iudicatarum,
708 415 772 476 fine
789 411 896 498 aliquo
912 411 1048 497 periculi
1064 408 1132 494 (36,
1153 405 1251 492 126),

181 522 391 607 similiterque
432 521 648 584 communium
687 542 767 605 quos
807 519 978 585 adumbrat
1015 519 1159 584 locorum
1200 540 1254 582 oo-

182 629 275 692 mites
304 638 336 692 et
363 627 528 692 ministros
557 626 704 712 adiungit
740 626 829 690 locos
869 627 1026 711 quosdam
1060 625 1253 690 inveniendi

181 732 248 820 (36,
276 731 363 817 127).

273 839 426 928 Superest
449 841 530 906 illud
565 863 666 925 genus
701 863 870 906 causarum
897 841 930 904 in
960 863 1023 927 quo
1047 839 1142 926 quale
1171 836 1250 925 quid

183 950 225 1014 sit
249 950 420 1034 quaeritur,
447 949 541 1012 cuius.
561 947 722 1011 tractandi
740 947 859 1033 duplex
874 947 1106 1033 praescribitur
1121 948 1157 1010 in
1173 947 1252 1011 Par·

182 1057 349 1122 titionibus
373 1055 497 1138 modus,
523 1056 550 1120 si
576 1055 654 1141 quid
678 1056 747 1119 iure
770 1055 890 1119 factum
907 1078 978 1120 esse
995 1054 1187 1119 defendatur
1207 1063 1251 1135 et,

182 1187 254 1229 cum
278 1188 341 1228 non
366 1165 434 1227 iure
457 1164 577 1227 factum
606 1184 676 1227 esse
706 1163 915 1244 concedatur,
953 1163 981 1227 si
1003 1163 1099 1227 venia
1122 1169 1255 1247 petatur

181 1270 369 1358 ignoscendi
394 1267 460 1354 (37,
481 1272 543 1335 129
557 1292 641 1355 sqq,
669 1271 730 1334 131
749 1268 858 1350 med).
905 1268 949 1334 Et
966 1269 1046 1334 duae
1063 1277 1137 1334 sunt
1154 1267 1253 1332 huius

182 1381 309 1464 generis
334 1379 431 1442 etiam
455 1379 488 1441 in
514 1377 571 1442 lib.
596 1377 636 1441 de
658 1378 724 1442 inv.
749 1389 866 1462 partes,
891 1377 1063 1460 negotialis
1087 1385 1120 1440 et
1137 1374 1252 1441 iuridi-

183 1487 274 1550 cialis
298 1482 342 1568 (2,
368 1488 420 1566 21,
447 1486 488 1549 62
502 1479 602 1570 sqq.);
639 1508 679 1548 ex
707 1485 823 1570 quibus
852 1507 963 1549 rursus
987 1482 1178 1548 iuridicialis
1205 1483 1253 1546 bi-

182 1594 300 1679 pertito
325 1592 492 1674 dividitur,
522 1601 558 1655 ut
581 1593 623 1656 sit
647 1603 702 1656 aut
725 1593 873 1657 absoluta
897 1602 952 1656 aut
975 1591 1181 1676 adsumptiva
1205 1585 1252 1673 (2,

184 1701 235 1782 23,
261 1701 304 1764 69
318 1696 413 1784 sqq).
461 1699 679 1785 Adsumptiva
702 1709 809 1763 autem
831 1710 939 1784 partes
966 1699 1064 1764 habet
1088 1719 1253 1782 compara·

183 1807 316 1889 tionem,
341 1806 531 1870 relationem
557 1806 714 1888 criminis,
746 1807 957 1870 remotionem
981 1806 1139 1884 mimimo,
1177 1826 1255 1869 con·

184 1914 373 1995 cessionem,
399 1935 480 1998 quae
504 1915 536 1977 in
562 1914 785 1998 purgationem
808 1924 839 1977 et
856 1913 1113 1999 deprecationem
1138 1912 1255 1976 tribui-

183 2032 235 2084 tur
258 2017 302 2104 (2,
329 2021 380 2103 24,
408 2023 447 2086 tr
462 2015 557 2106 sqq).
604 2021 644 2085 In
668 2042 731 2105 qua
760 2022 933 2105 partitione
963 2044 1045 2106 quae
1069 2029 1145 2085 sunt
1169 2019 1254 2083 duae

184 2138 290 2213 partes
320 2129 456 2212 primae,
492 2128 664 2212 negotialis
696 2140 728 2193 et
755 2128 960 2211 iuridicialis,
997 2129 1025 2192 si
1054 2129 1099 2191 ita
1125 2135 1255 2192 tantum

183 2236 267 2299 inter
291 2258 325 2299 se
350 2235 502 2299 differunt
524 2246 560 2299 ut
583 2236 684 2299 altera
706 2236 862 2320 implicite
879 2246 911 2300 et
926 2235 1123 2316 abscondite,
1151 2233 1258 2298 altera

184 2343 345 2426 patentius
370 2352 402 2405 et
430 2342 611 2427 expeditius
647 2343 868 2427 quaestionem
902 2343 981 2406 recti
1018 2353 1049 2406 et
1077 2336 1143 2405 nori
1171 2341 1256 2406 recti

185 2450 348 2512 contineat
372 2445 425 2528 (cf.
444 2451 473 2531 2,
499 2450 553 2528 23,
579 2445 645 2532 69),
679 2451 732 2513 ubi
761 2450 892 2513 tandem
920 2449 1114 2513 confinium?
1160 2448 1258 2513 Haec

185 2556 282 2638 igitur
305 2556 338 2617 in
354 2554 587 2620 Partitionibus
613 2567 740 2620 servata
763 2580 829 2621 non
853 2567 927 2621 sunt
944 2556 1002 2621 sed
1019 2557 1152 2620 duarum
1170 2579 1258 2642 quae

186 2673 261 2730 sunt
285 2663 458 2749 discriptae
481 2665 621 2750 partium
645 2665 747 2728 altera
771 2678 802 2729 et
825 2653 1028 2748 negotialem
1043 2675 1075 2729 et
1090 2664 1257 2728 iuridicia-

185 2772 250 2835 lem
272 2781 396 2857 partem
412 2781 540 2857 praeter
556 2773 807 2855 concessionem,
834 2773 935 2837 altera
951 2796 1021 2837 eam
1037 2782 1162 2858 partem
1179 2794 1257 2836 con-

187 2880 343 2944 cessionis
369 2880 571 2964 amplectitur
599 2901 679 2964 quae
703 2880 851 2965 purgatio
867 2890 1000 2944 vocatur
1016 2879 1258 2965 deprecatione,

186 3010 268 3072 quae
292 2989 389 3051 etiam
413 2988 447 3052 in
470 2987 527 3053 lib.
546 2987 584 3051 de
608 2989 672 3051 inv.
692 2988 821 3073 probari
846 2989 877 3052 in
904 3010 1019 3072 genere
1035 2986 1181 3051 iudiciali
1198 2988 1258 3053 vix

186 3116 281 3179 posse
307 3094 432 3176 dicitur,
461 3095 592 3159 omnino
621 3094 742 3159 relicta.
790 3094 829 3159 In
864 3094 977 3181 primis
1012 3117 1088 3159 vero
1117 3093 1156 3158 de
1184 3094 1263 3158 iure-

188 3200 410 3265 distribuendo
434 3201 616 3283 disseritur,
646 3203 735 3266 cuius
760 3204 882 3287 primae
905 3212 1014 3287 partes
1038 3213 1069 3266 et
1092 3202 1126 3265 in
1150 3201 1260 3266 Parti-

186 3307 329 3371 tionibus
354 3309 442 3371 etin
472 3309 602 3393 Topicis
628 3308 708 3372 duae
733 3319 820 3386 sunt,
850 3318 965 3373 natura
988 3320 1020 3373 et
1041 3309 1095 3373 lex
1118 3309 1188 3372 sive
1209 3310 1260 3374 in·

188 3415 336 3480 stitutum
360 3410 403 3499 (p.
422 3438 467 3479 or.
486 3417 537 3498 37,
566 3416 642 3498 129;
667 3425 732 3500 top.
750 3417 802 3498 23,
829 3412 894 3499 90),
920 3426 984 3481 tres
1009 3426 1115 3480 autem
1139 3416 1172 3479 in
1196 3417 1258 3482 lib.

189 3522 227 3586 de
251 3522 317 3586 inv.
343 3521 576 3586 consuetudine
610 3522 680 3607 pari
715 3523 839 3586 ratione
867 3546 947 3587 cum
974 3534 1090 3587 natura
1118 3532 1150 3586 et
1183 3523 1262 3610 lege

188 3630 360 3694 coniuncta
394 3627 439 3713 (2,
465 3630 516 3712 22,
543 3630 585 3694 65
602 3625 698 3715 sqq).
750 3625 814 3693 Sed
850 3639 957 3694 tamen
993 3629 1188 3695 Partitiones
1227 3642 1263 3697 et

189 3735 323 3822 Topica,
354 3737 457 3823 magis
484 3737 570 3801 inter
600 3759 634 3802 se
662 3759 758 3822 quam
784 3759 856 3800 cum
881 3737 936 3801 lib.
962 3737 1001 3801 de
1024 3738 1090 3802 inv.
1120 3759 1260 3804 consen·

188 3843 315 3926 tientia,
352 3868 416 3909 non
445 3845 559 3910 leviter
586 3845 620 3908 in
645 3844 769 3909 duobus
793 3844 859 3909 illis
883 3845 1054 3928 generibus
1077 3846 1262 3931 partiendis

190 3948 384 4036 discrepant.
431 3953 588 4037 Aequitas
613 3953 699 4016 enim
723 3952 809 4016 idem
833 3962 881 4016 est
904 3954 937 4016 in
954 3951 1085 4038 Topicis
1102 3953 1190 4036 quod
1207 3956 1260 4021 ius

188 4055 303 4141 iusque
327 4058 482 4142 divinum,
507 4059 594 4144 quod
613 4059 646 4122 in
664 4059 896 4124 Partitionibus
914 4083 1071 4145 exaequo
1089 4061 1264 4146 copulatur
