2746 4560
666 213 708 277 66

149 390 236 454 credi
259 391 315 455 vix
331 399 446 475 potest.
494 386 651 455 Consulto
668 399 775 454 autem
792 391 819 454 si
836 389 961 471 vitavit,
986 388 1043 473 qui
1058 389 1232 473 potuisset

140 507 223 583 post
244 497 440 562 Partitiones
465 498 601 582 scriptas
630 496 671 561 ad
699 496 837 560 eundem
866 519 1005 561 errorem
1028 496 1063 560 in
1088 495 1230 581 Topicis

148 605 288 669 reverti?
335 601 399 669 Sed
434 604 475 668 ad
504 603 607 668 status
638 604 782 688 singulos
810 605 992 684 veniamus,
1030 603 1069 668 de
1101 605 1226 688 quibus

149 722 256 775 tamen
280 734 343 775 000
368 711 469 777 multa
491 711 649 777 addenda.
697 709 903 796 Quamquam
924 711 1008 775 enim
1026 711 1230 775 translativa

149 841 231 903 quae
260 818 377 882 dicitur
411 819 641 884 constitutione
676 817 718 881 ad
746 829 866 882 statum
895 817 1079 901 generalem
1118 818 1229 881 relata

150 947 231 1010 quae
260 939 396 1010 quatuor
422 927 458 990 in
485 926 541 991 lib.
571 925 610 989 de
637 926 703 990 inv.
729 925 975 990 constitutiones
1003 937 1079 988 sunt
1115 924 1227 989 tribus

149 1033 183 1096 in
206 1032 440 1098 Partitionibus
465 1033 552 1097 etin
578 1032 708 1117 Topicis
733 1033 938 1096 continentur
966 1054 1069 1116 neque
1095 1055 1137 1096 ex
1162 1032 1222 1097 lib.

151 1139 285 1204 deinv.
311 1138 356 1222 (1,
384 1142 435 1223 11,
462 1141 504 1204 14
528 1136 613 1225 sqq.)
648 1140 823 1204 artificiosa
846 1141 933 1204 tertii
958 1148 1059 1204 status
1087 1140 1225 1225 partitio

148 1248 312 1333 repetitur,
326 1248 460 1331 reliquis
477 1248 656 1333 praeceptis
668 1247 758 1310 nulla
769 1247 881 1311 iudicii
893 1247 1055 1312 indicatur
1070 1247 1222 1312 mutatio.

239 1355 318 1419 Post
332 1356 467 1439 primam
481 1355 696 1419 accusationis
714 1365 746 1417 et
758 1355 956 1419 defensionis
969 1353 1220 1436 conflictionem,

152 1485 233 1547 quae
264 1463 298 1525 10
327 1461 490 1545 arguendo
515 1471 547 1526 et
568 1462 749 1527 resistendo
775 1462 936 1544 consistit,
966 1485 1007 1525 ne
1030 1483 1129 1525 causa
1155 1484 1222 1525 om-

151 1569 227 1632 0100
253 1568 356 1651 cadat,
382 1568 504 1653 aliquid
528 1591 659 1634 necesse
684 1580 734 1633 est
756 1579 923 1654 praeterea
945 1569 986 1633 ad
1002 1570 1220 1633 intentionem

150 1676 365 1740 accusationis
391 1676 614 1762 depellendam
638 1675 767 1740 adferri.
806 1676 999 1762 Appellatur
1022 1675 1085 1740 boc
1109 1676 1220 1740 defen·

151 1786 251 1850 sionis
275 1785 506 1850 adminiculum
531 1798 563 1849 et
585 1787 619 1849 in
635 1785 870 1850 Partitionibus
895 1796 927 1849 et
950 1786 985 1849 in
1007 1785 1062 1849 lib.
1087 1784 1127 1849 de
1151 1785 1219 1850 inv.

150 1893 231 1958 ratio
256 1889 300 1977 (p.
325 1916 370 1958 or.
396 1894 449 1966 23,
476 1894 553 1974 102,
579 1892 619 1957 de
642 1894 708 1956 inv.
735 1895 762 1974 1,
791 1894 841 1976 13,
869 1890 938 1974 18);
969 1893 1020 1956 cui
1044 1892 1220 1978 opponitur

151 2024 213 2086 quo
237 2001 359 2065 nitatur
383 2001 545 2064 accusatio
568 2000 665 2085 idque
688 2000 928 2064 firmamentum
951 2010 1085 2064 vocatur
1108 1994 1219 2085 (por.

151 2109 203 2191 29,
231 2104 319 2189 103).
352 2104 407 2172 Sic
424 2105 538 2172 Cicero
561 2108 596 2171 in
610 2107 845 2171 Partitionibus
864 2108 1001 2171 correxit
1017 2106 1104 2191 quod
1119 2129 1220 2192 prave

151 2225 245 2280 antea
269 2216 462 2279 instituerat.
508 2214 699 2278 Defensioni
724 2215 811 2278 enim
839 2216 1077 2278 firmamentum
1102 2215 1139 2278 in
1162 2215 1219 2278 lib.

140 2323 191 2386 de
219 2323 284 2385 inv.
313 2322 504 2386 attribuerat
539 2344 639 2406 eoque
666 2321 774 2385 fulciri
803 2320 948 2385 voluerat
974 2322 1149 2404 rationem,
1186 2331 1222 2385 ut

152 2427 269 2513 duplex
294 2427 453 2511 quaedam
476 2429 558 2491 ratio
582 2428 738 2493 exsistere
754 2427 918 2492 uideretur
934 2427 1143 2511 defensionis,
1169 2450 1219 2492 ac·

152 2535 276 2599 01100110
311 2533 394 2597 nihil
429 2556 491 2618 quo
520 2536 676 2598 niteretur
702 2535 822 2599 babere
846 2531 900 2618 (de
923 2535 989 2599 inv.
1017 2537 1044 2617 1,
1073 2536 1124 2617 14,
1153 2530 1218 2615 19).

154 2640 246 2707 Unde
273 2641 394 2705 factum
418 2652 467 2705 est
490 2657 524 2704 ut
547 2643 580 2706 in
604 2642 721 2706 iisdem
744 2642 836 2708 libris
860 2642 985 2706 ratione
1009 2642 1079 2706 sola
1102 2664 1220 2708 causae

152 2749 310 2813 contineri
340 2748 530 2813 dicerentur.
579 2745 765 2833 Similisque
794 2761 843 2814 est
872 2749 905 2812 in
929 2748 985 2814 lib.
1011 2749 1120 2813 deor.
1148 2771 1221 2814 sen·

151 2857 262 2921 tentia.
308 2852 382 2934 Quo
411 2857 498 2920 enim
520 2856 685 2921 Antonius
714 2877 828 2920 causas
857 2856 1014 2920 contineri
1043 2857 1218 2940 significat,

141 2964 185 3028 ¹id
209 2964 295 3028 idem
323 2973 373 3028 est
396 2964 482 3049 quod
508 2965 544 3027 in
570 2964 627 3030 lib.
652 2963 691 3027 de
707 2963 774 3028 inv.
791 2964 869 3028 0110
884 2963 1119 3028 Partitionibus
1137 2965 1221 3029 10110

152 3073 335 3135 nominatur
358 3068 412 3154 (cf.
438 3071 477 3135 de
501 3094 546 3136 or.
572 3073 601 3153 2,
628 3073 679 3152 30,
706 3066 794 3152 132).
841 3072 910 3136 Nec
937 3073 1142 3136 firmamenta
1166 3072 1220 3136 de-

142 3177 306 3242 fensionis
330 3180 469 3262 quaein
490 3177 620 3264 Topicis
644 3179 844 3242 continentia
868 3191 1022 3243 vocantur
1045 3179 1222 3264 quicquam

153 3284 241 3350 aliud
276 3284 422 3348 ducenda
449 3297 524 3349 sunt
551 3286 615 3349 nisi
639 3284 750 3348 eadem
774 3286 855 3349 ratio
880 3285 1012 3369 eiusque
1036 3286 1222 3351 firmamen-

152 3402 220 3455 tum
245 3391 339 3475 quale
362 3391 398 3454 in
421 3391 477 3455 lib.
503 3390 542 3454 de
564 3392 630 3455 inv.
656 3391 806 3455 definitur
822 3389 876 3475 (cf.
895 3403 959 3478 top.
977 3393 1029 3473 25,
1048 3387 1115 3475 95).
1154 3391 1223 3458 Sed

151 3499 356 3586 perspicuum
393 3507 442 3563 est
475 3522 540 3563 non
575 3521 670 3583 posse
705 3499 739 3562 in
774 3522 891 3582 genere
920 3499 1063 3564 iudiciali
1088 3523 1223 3567 causam

153 3630 225 3673 csse
248 3607 313 3671 nisi
337 3606 413 3691 quid
438 3607 599 3691 utrimque
623 3616 656 3670 et
677 3607 890 3671 recusationis
914 3607 1090 3672 firmandae
1111 3610 1223 3674 01011-

151 3716 249 3780 minis
285 3713 472 3780 stabiliendi
508 3737 604 3778 causa
638 3713 826 3800 proferatur.
875 3712 982 3794 Quam
1013 3716 1221 3799 sententiam,

151 3833 257 3886 motus
292 3821 428 3887 fortasse
462 3821 503 3886 iis
534 3844 615 3906 quae
645 3823 817 3906 scripserat
841 3817 1033 3886 Cornificius
1057 3817 1114 3903 (ad
1138 3821 1222 3889 Her.

155 3931 183 4010 1,
211 3931 260 4010 16,
287 3924 356 4012 26),
394 3925 509 3994 Cicero
537 3930 570 3992 in
593 3928 828 3993 Partitionibus
856 3929 993 4013 pristino
1018 3929 1147 3994 sublato
1173 3954 1224 3995 er·

151 4056 225 4100 1010
252 4047 401 4100 accurate
425 4037 586 4122 expromit
607 4037 908 4121 firmamentumque
932 4047 1064 4120 aparte
1088 4058 1224 4105 accusa·
