2746 4560
665 220 707 282 10

151 406 277 481 tempus
310 395 429 460 referre
460 395 663 460 occasionem
691 393 893 480 designatam
928 395 968 458 iis
1004 418 1069 459 non
1096 395 1216 459 licebat

152 503 206 588 qui
239 526 309 568 eam
342 525 451 568 veram
482 504 648 588 putabant.
694 503 797 568 Aliud
828 513 935 567 autem
966 512 1091 587 tempus
1121 503 1218 586 signi·

150 611 242 674 ficari
264 619 390 674 tantum
414 611 505 675 abest
528 621 563 675 ut
592 610 801 675 defendamus
826 619 862 674 ut
885 632 925 673 ne
950 610 989 673 de
1005 610 1071 674 ulla
1087 610 1218 694 quidem

152 718 320 781 occasione
359 740 435 782 vera
474 718 609 802 cogitari
647 718 826 782 iubeamus
880 714 1009 781 Cadunt
1048 719 1143 800 enim,
1184 728 1220 780 ut

152 825 354 907 arbitramur,
396 847 478 910 quae
513 825 553 889 (16
590 825 667 888 urbe
701 824 913 909 relinquenda
940 825 1070 909 otioque
1097 824 1217 888 rustico

146 932 301 996 dicuntur
337 933 370 995 in
408 932 514 996 locum
553 931 713 1017 quendam
754 954 956 996 communem
983 931 1161 995 identidem
1184 932 1219 995 in

152 1039 288 1122 dialogis
324 1035 490 1103 Ciceronis
526 1038 702 1102 inductum.
749 1038 801 1102 Ita
835 1040 869 1102 in
898 1040 1002 1124 primo
1032 1039 1071 1102 de
1098 1040 1218 1102 finibus

151 1146 234 1216 libro
259 1145 450 1231 Torquatus,
480 1147 533 1231 qui
563 1169 724 1209 unacum
752 1145 876 1210 Triario
905 1146 947 1209 ad
971 1142 1161 1211 Ciceronem
1184 1147 1219 1210 in

152 1253 371 1319 Tusculanum
394 1263 536 1334 venerat,
573 1254 613 1317 ab
647 1276 684 1317 eo
717 1254 805 1337 petit,
829 1254 996 1338 ‘quoniam
1031 1255 1118 1317 nacti
1147 1277 1219 1317 eum

81 1403 85 1410 ·
152 1362 217 1426 sint
241 1359 414 1445 aliquando
440 1361 588 1442 otiosum,
625 1371 661 1424 ut
688 1360 765 1445 quid
788 1361 823 1424 in
845 1361 986 1446 Epicuro
1017 1384 1081 1425 non
1106 1362 1220 1446 probet

152 1468 216 1532 sibi
232 1468 330 1530 liceat
345 1467 456 1530 audire
483 1465 537 1549 (de
560 1469 616 1533 fin.
644 1469 672 1549 1,
691 1469 720 1549 5,
741 1469 781 1532 13
803 1463 898 1553 sqq).
930 1468 1076 1552 Itemque
1105 1465 1218 1532 Cicero

152 1576 185 1638 in
210 1595 393 1638 sermonem
415 1590 512 1659 'quem
535 1576 630 1638 tertio
653 1575 737 1638 libro
762 1575 985 1660 complectitur
1005 1574 1218 1659 sequendam

151 1681 306 1746 incidisse
330 1682 494 1765 significat
517 1683 655 1766 negotiis
679 1683 850 1746 liberatum
874 1705 912 1746 ac
934 1706 1008 1746 rure
1024 1691 1217 1746 versantem.
1261 1684 1263 1687 ’

151 1788 286 1853 Postero
309 1790 396 1852 enim
420 1789 472 1853 die
496 1812 591 1873 quam
614 1789 700 1853 ludis
726 1790 906 1855 commissis
931 1813 970 1853 ex
994 1791 1073 1853 urbe
1096 1790 1218 1875 profec-

152 1905 203 1961 tus
226 1897 262 1960 in
286 1895 505 1961 Tusculanum
544 1919 577 1960 se
613 1896 803 1962 contulisset
834 1897 869 1960 in
902 1896 1101 1961 bibliotheca
1128 1897 1218 1981 pueri

152 2004 289 2087 Luculli,
325 2004 415 2068 cuius
449 2005 483 2067 in
512 2004 624 2068 villam
648 2005 791 2068 venisset
814 2014 849 2068 ut
872 2003 947 2068 inde
971 2005 1219 2068 commentarios

151 2111 309 2196 quosdam
328 2111 536 2176 Aristotelios
561 2111 763 2196 depromeret
786 2134 866 2196 quos
889 2112 1011 2195 legeret
1034 2111 1111 2174 dum
1134 2119 1221 2175 esset

147 2219 283 2299 otiosuS,
310 2240 344 2282 se
367 2218 530 2282 invenisse
554 2217 633 2281 dicit
655 2216 878 2331 M.,Catonem
902 2219 1011 2307 multis
1037 2215 1220 2282 Stoicorum

151 2324 243 2389 libris
284 2325 511 2388 circumfusum
538 2335 570 2388 et
598 2340 722 2496 sumqto
760 2326 794 2389 in
833 2326 897 2389 otio
933 2326 1093 2409 legentem
1122 2335 1219 2408 atque

152 2433 237 2496 inter
275 2454 329 2495 eos
369 2432 587 2516 colloquentes
627 2443 676 2502 ort
698 2457 730 2496 m
768 2456 838 2498 esse
877 2456 948 2497 eam
987 2455 1083 2518 quam
1117 2432 1220 2496 Bruto

154 2547 282 2603 enarrat
310 2538 348 2601 de
373 2535 491 2602 Stoicis
521 2502 775 2710 controQiam
809 2536 942 2622 (defin.
966 2541 995 2621 3,
1022 2540 1063 2617 ἓξ
1085 2535 1218 2621 7-10).

153 2647 197 2710 Et
229 2647 262 2709 in
297 2646 400 2730 primo
433 2645 472 2708 de
499 2646 626 2730 legibus
654 2646 678 2708 li
703 2669 738 2710 ro
767 2649 885 2732 Arpini
910 2645 1100 2712 Ciceronem
1132 2647 1220 2710 vide·

154 2777 225 2818 mus
264 2765 514 2817 commorantem
554 2776 679 2839 unaque
720 2777 791 2817 cum
825 2756 937 2819 Attico
971 2766 1003 2818 et
1030 2753 1151 2835 Quinto
1180 2755 1221 2818 ad

153 2861 264 2926 Lirem
285 2860 504 2925 ambulantem
527 2871 568 2944 et,
593 2863 744 2946 quoniam
768 2863 862 2926 vacui
886 2863 960 2945 sint,
986 2885 1167 2927 sermonem
1187 2863 1222 2925 in

155 2991 251 3053 quem
274 2976 405 3032 vocatur
428 2969 468 3032 ab
485 2968 596 3033 Attico
621 2969 784 3054 suscipere
808 2979 956 3054 paratum
979 2966 1033 3052 (cf.
1052 2971 1090 3034 de
1111 2970 1172 3054 leg.
1191 2973 1221 3051 1,

156 3075 197 3151 ἐξ
226 3070 358 3157 1-14).
406 3072 544 3160 Scripsit
582 3077 678 3139 etiam
718 3076 781 3139 alia
821 3073 935 3141 Cicero
974 3077 1119 3142 eiusdem
1155 3076 1222 3139 fere

156 3183 293 3266 generis
330 3194 364 3245 ut
399 3183 433 3245 in
467 3184 570 3267 primo
596 3183 634 3246 de
657 3206 692 3246 re
715 3185 845 3269 publica
867 3185 950 3248 libro
980 3181 1023 3268 (9,
1052 3181 1105 3268 14)
1134 3185 1222 3248 etin

155 3290 248 3355 libris
274 3290 451 3354 denatura
476 3290 608 3355 deorum
631 3287 675 3374 (1,
697 3293 727 3373 6,
755 3292 811 3374 153
837 3294 867 3368 2,
895 3297 921 3373 1,
949 3288 982 3374 3)
1007 3293 1095 3357 etin
1119 3293 1224 3377 primo

158 3398 196 3461 de
239 3396 436 3460 divinatione
475 3394 519 3480 (5,
548 3394 676 3484 8sqq.)
716 3410 747 3463 et
780 3401 815 3463 in
842 3401 942 3464 Bruto
978 3396 1102 3483 (3,10)
1131 3400 1224 3464 etin

152 3504 269 3577 Laelio
308 3501 352 3586 (4,
377 3505 418 3568 16
439 3499 534 3589 sqq).
582 3504 674 3568 Talia
712 3505 811 3588 igitur
850 3508 967 3592 quibus
1007 3509 1108 3571 otium
1139 3506 1225 3592 quod

158 3615 230 3698 quis
265 3635 338 3676 rure
372 3615 576 3698 persequitur
603 3614 741 3698 negotiis
772 3616 904 3680 urbanis
928 3616 1101 3701 opponitur
1124 3615 1227 3678 maxi·

158 3743 243 3784 mam
267 3730 391 3805 partem
415 3742 455 3783 ex
479 3742 566 3784 more
591 3721 731 3805 quodam
747 3722 947 3807 dialogorum
965 3723 1050 3787 dicta
1066 3722 1226 3804 videntur,

160 3840 195 3892 ut
232 3831 272 3893 iis
311 3840 476 3916 tamquam
505 3831 700 3896 testimoniis
729 3832 827 3895 fidem
855 3833 997 3896 tribuere
1027 3854 1093 3895 non
1120 3832 1226 3895 liceat.

160 3936 230 4000 Nee
264 3938 370 4002 minus
405 3961 593 4004 moneamur
624 3939 855 4004 consuetudine
880 3939 1079 4022 dialogorum
1103 3947 1230 4023 oportet

160 4067 201 4108 ne
236 4044 417 4109 inconsulte
442 4046 529 4110 nullo
554 4047 639 4111 iacto
667 4046 877 4111 fundamento
900 4069 1057 4132 ponamus
1083 4047 1230 4129 designa·
