2746 4560
663 228 705 292 58

148 405 282 470 accedit.
314 404 383 468 Nec
406 405 511 468 minus
536 405 721 488 agnoscitur
744 426 838 468 curae
861 405 897 468 in
919 405 960 469 iis
977 427 1059 490 quae
1076 427 1217 490 sequun-

148 523 199 577 tur
223 512 262 576 de
285 511 489 594 verecundia,
514 533 605 596 quae,
630 520 665 575 ut
689 522 784 575 antea
806 513 961 575 memoria
980 511 1128 596 partibus
1145 512 1219 576 rhe-

148 619 267 683 toricae
295 614 339 700 (1,
366 614 413 701 3),
450 619 497 683 sic
526 628 633 683 custos
663 619 812 684 omnibus
842 618 917 683 data
944 630 994 683 est
1029 619 1217 684 virtutibus.

149 723 233 792 Cum
261 726 347 789 enim
374 748 411 789 eo
439 726 579 789 maxime
609 737 756 790 cernatur
785 727 979 791 verecundia
1003 726 1088 811 quod
1112 726 1221 809 fugiat

149 821 301 914 dedecus,
337 833 482 918 partibus
509 832 653 917 fungitur
677 834 782 898 decori
812 833 866 914 (cf.
892 833 931 898 de
956 832 1008 898 off.
1035 836 1064 915 1,
1090 833 1146 914 27,
1172 833 1217 897 93

149 940 247 1024 sqq),
280 941 370 1004 cuius
395 940 456 1004 duo
482 937 597 1005 Cicero
621 963 739 1022 genera
762 942 797 1004 in
819 942 876 1005 lib.
902 941 941 1005 de
965 941 1017 1005 off.
1042 941 1218 1023 intellegit,

149 1059 181 1110 et
208 1047 356 1130 gencrale
390 1047 552 1132 quoddam
582 1047 732 1112 decorum
762 1048 847 1132 quod
875 1050 909 1113 in
934 1049 1022 1112 omni
1045 1047 1219 1112 honestate

150 1167 293 1220 versetur
316 1166 348 1220 et
371 1155 459 1219 aliud
481 1155 557 1219 huic
581 1157 761 1220 subiectum
785 1155 871 1240 quod
895 1157 1094 1240 singularum
1117 1157 1219 1220 virtu·

148 1274 216 1327 tum
251 1286 289 1326 ac
322 1263 527 1347 potissimum
551 1272 586 1325 ut
609 1263 735 1326 videtur
759 1274 890 1348 quartae
915 1264 1042 1327 virtutis
1071 1263 1115 1327 sit
1146 1285 1220 1348 pro-

148 1371 263 1456 prium.
308 1368 494 1433 Difficultas
523 1380 629 1433 autem
656 1370 741 1434 inter
769 1370 850 1435 haec
874 1370 935 1435 duo
959 1393 1078 1452 genera
1102 1369 1220 1434 distin-

149 1476 267 1560 guendi
292 1477 430 1539 evitatur
451 1476 582 1540 custode
599 1479 743 1541 omnium
759 1478 915 1542 virtutum
931 1477 1127 1541 verecundia
1144 1500 1219 1541 con·

150 1584 273 1648 stituta.

237 1691 288 1754 Ita
311 1690 351 1754 ad
367 1692 463 1754 finem
480 1692 704 1776 praeceptione
721 1693 874 1756 virtutum
890 1692 1033 1777 ipsarum
1049 1691 1217 1776 perducta,

149 1799 204 1862 alii
228 1798 359 1883 quidam
381 1797 513 1884 perfecti
539 1800 639 1862 animi
661 1799 791 1864 habitus
816 1800 933 1884 quibus
957 1799 1073 1864 studiis
1095 1799 1140 1862 ad
1155 1800 1218 1863 vir·

148 1915 250 1970 tutem
277 1907 419 1991 praecoli
447 1918 479 1970 et
506 1908 691 1992 praeparari
713 1908 841 1991 possint
864 1907 1019 1992 aperitur3
1057 1928 1139 1992 quae
1164 1929 1218 1972 res

148 2015 182 2078 in
205 2014 261 2078 lib.
288 2014 327 2078 de
351 2016 414 2079 inv.
441 2016 610 2098 attingitur
638 2016 672 2079 in
705 2015 835 2080 habitus
867 2016 955 2079 etin
979 2014 1078 2079 studii
1104 2013 1219 2078 defini·

147 2121 290 2186 tionibus
315 2117 359 2204 (1,
377 2122 429 2204 25,
453 2119 518 2204 36),
543 2145 609 2185 non
633 2134 668 2185 ut
691 2122 726 2186 in
749 2122 994 2204 Partitionibus,
1019 2143 1218 2206 quamquam

150 2230 316 2314 aptissime
340 2229 402 2293 hoc
424 2229 471 2292 ita
493 2229 676 2293 institutum
700 2240 757 2312 est,
784 2229 963 2313 quaestioni
986 2229 1024 2292 de
1042 2229 1220 2294 virtutibus

150 2336 339 2400 adnectitur.
388 2333 573 2420 Sequuntur
597 2336 747 2422 deinceps
772 2337 851 2400 vitia
878 2334 945 2420 (23,
971 2333 1041 2418 81),
1079 2359 1219 2420 quorum

151 2453 183 2506 et
205 2443 240 2505 in
262 2442 318 2506 lib.
344 2441 383 2506 de
406 2444 471 2506 inv.
497 2445 585 2506 etin
609 2443 853 2526 Partitionibus,
883 2445 917 2507 in
941 2443 993 2506 his
1017 2453 1127 2508 autem
1150 2443 1217 2529 ple·

149 2549 232 2632 nius,
264 2572 301 2613 ea
324 2549 528 2635 potissimum
553 2562 770 2615 memorantur
794 2574 875 2636 quae
899 2552 1019 2615 imitari
1043 2550 1219 2617 videantur

150 2657 295 2721 virtutes.
343 2657 491 2741 Denique
514 2657 675 2722 indicatur
699 2660 884 2724 summatim
908 2659 962 2744 qui
987 2660 1052 2724 sint
1075 2662 1217 2725 maxime

149 2764 213 2828 loci
236 2765 269 2828 in
293 2776 361 2828 tota
385 2764 568 2829 laudatione
592 2766 786 2830 inlustrandi
811 2766 878 2849 (23,
896 2762 963 2849 82).
1000 2762 1064 2831 Sed
1089 2767 1129 2832 de
1153 2770 1218 2854 pri·

148 2895 201 2936 mo
226 2895 342 2956 genere
373 2895 540 2937 causarum
564 2873 684 2937 iudicia
707 2870 875 2940 Ciceronis
900 2875 1009 2959 qualia
1032 2886 1143 2940 essent
1168 2899 1217 2942 sa·

149 2981 191 3044 tis
217 2980 362 3044 videmur
385 2980 588 3066 expendisse.

240 3083 433 3153 Suasionum
469 3087 621 3173 deinceps
648 3091 790 3154 rationes
818 3112 913 3174 quem
942 3090 1139 3154 admodum
1164 3115 1218 3156 ex·

149 3192 326 3278 plicaverit,
351 3195 607 3280 persequendum
632 3209 691 3260 est.
722 3197 835 3260 Finem
861 3197 960 3279 igitur
975 3196 1070 3262 huius
1087 3201 1218 3282 generis

148 3300 288 3385 primum
313 3302 341 3364 ei
366 3324 438 3365 cum
454 3303 630 3366 Aristotele
655 3304 859 3368 dissentienti
883 3305 1085 3369 honestatem
1108 3316 1140 3370 et
1157 3309 1219 3371 uti-

148 3408 274 3471 litatem
301 3430 372 3472 esse
400 3409 548 3493 placebat
571 3406 624 3492 (de
652 3411 718 3474 inv.
744 3413 774 3493 2,
800 3412 852 3492 51,
880 3410 971 3496 156),
1002 3412 1217 3498 similiterque

147 3515 214 3580 fere
239 3539 311 3580 eum
335 3516 369 3578 in
393 3515 448 3580 lib.
474 3515 513 3580 de
537 3539 582 3580 or.
602 3517 782 3583 scribendis
803 3520 998 3585 iudicavisse
1016 3543 1054 3584 cx
1072 3523 1219 3587 universi

149 3625 275 3706 generis
310 3624 489 3709 praeceptis
525 3623 662 3708 efficitur
696 3623 741 3709 (2,
778 3627 830 3709 82,
863 3628 928 3694 334
950 3623 1045 3713 sqp.).
1097 3628 1220 3694 Postea

149 3742 256 3794 autem
291 3754 362 3795 curn
397 3732 431 3795 in
465 3732 604 3796 utilitate
638 3756 702 3797 una
729 3735 827 3798 finem
855 3736 981 3818 generis
1013 3734 1220 3803 deliberativi

148 3850 295 3922 poneret,
325 3840 429 3923 magis
453 3841 538 3904 inter
561 3864 596 3907 se
618 3840 843 3906 laudationum
867 3852 898 3906 et
922 3843 1110 3908 suasionum
1133 3846 1220 3911 fines

149 3943 318 4012 distinctos
342 3947 484 4011 reddidit
507 3960 540 4012 et
563 3949 737 4034 ancipitem
761 3949 922 4034 quandem
942 3951 1100 4015 rationem
1126 3953 1220 4017 edu·

147 4049 225 4134 plici
247 4054 312 4118 fine
334 4067 522 4120 nascentem
545 4055 675 4121 sustulit
691 4039 738 4120 'ad
763 4057 935 4122 utilitatem
958 4058 1101 4123 referens
1117 4061 1222 4126 etiam
