2746 4560
663 214 703 277 61

151 389 213 453 duo
239 412 321 474 quae
345 389 492 455 homines
515 414 581 454 non
606 391 768 475 sapientes
791 391 825 454 in
850 390 965 455 officiis
996 391 1216 476 expendendis

151 519 336 582 comparare
360 498 502 562 solerent
517 498 679 562 statuebat
703 521 773 563 esse
791 498 927 562 alterum
943 498 1029 583 quod
1046 498 1218 563 honestum
1281 485 1285 491 ’

150 615 244 688 esset,
275 605 410 669 alterum
435 604 521 689 quod
545 605 623 668 utile
651 605 814 669 videretur
842 602 886 689 (3,
908 608 935 689 7,
954 606 1010 686 343
1041 606 1216 689 3,13,56;

151 713 180 795 3,
200 714 251 795 32,
271 714 349 795 114;
379 714 409 796 3,
428 714 480 795 33,
500 711 669 794 120661.);
699 736 781 798 quae
810 713 838 778 si
862 713 1141 796 contenderentur,
1171 713 1217 777 vi-

150 819 219 883 deri
244 819 374 905 quidem
397 819 600 884 honestatem
636 830 668 883 et
691 820 864 883 utilitatem
892 821 976 884 inter
1011 843 1045 884 se
1074 842 1217 905 pugnare

150 923 195 1010 (3,
214 928 318 1010 7,34;
349 927 525 1010 3,12,5Ο;
556 927 656 1011 113,
679 928 736 1007 563
767 928 796 1009 3,
821 928 871 1010 17,
895 929 936 991 12
954 922 1039 1009 661).
1085 928 1133 991 At
1156 927 1218 991 hac

149 1035 382 1119 repugnantiae
405 1034 543 1099 formula
566 1058 633 1098 non
656 1035 764 1098 omnia
788 1057 870 1119 quae
896 1034 1034 1098 debebat
1059 1034 1216 1119 complec-

150 1142 288 1206 tebatur.
335 1142 419 1206 Nam
443 1142 472 1206 si
494 1141 529 1205 id
553 1141 639 1226 quod
673 1142 845 1206 honestum
881 1141 923 1206 sit
958 1163 1031 1205 cum
1060 1164 1096 1205 eo
1132 1141 1218 1226 quod

150 1249 230 1313 utile
253 1249 401 1313 videatur
424 1259 547 1313 certare
572 1259 758 1332 statuemus
785 1249 898 1313 eadem
922 1249 1046 1313 ratione
1070 1271 1218 1313 necessa·

150 1357 199 1420 rio
223 1379 379 1442 ponemus
403 1356 436 1419 id
461 1356 546 1441 quod
564 1379 638 1420 vere
664 1355 740 1420 utile
766 1357 808 1420 sit
831 1365 863 1420 et
886 1356 919 1419 id
944 1355 1030 1440 quod
1046 1355 1217 1420 honestum

152 1463 300 1527 videatur
322 1464 407 1527 inter
423 1486 458 1528 se
475 1463 656 1547 confligere.
704 1461 805 1529 Cuius
831 1464 959 1547 generis
976 1462 1125 1549 exempla
1141 1485 1218 1528 sane

151 1571 308 1635 nonnulla
332 1571 430 1634 allata
454 1580 529 1634 sunt
558 1567 612 1653 (cf.
638 1571 668 1653 3,
690 1571 743 1653 25,
764 1566 831 1651 95).
880 1567 945 1634 Sed
973 1571 1008 1634 in
1036 1593 1107 1634 eam
1138 1592 1219 1654 quae

152 1702 217 1743 una
240 1679 415 1743 constituta
449 1688 517 1742 erat
551 1678 784 1763 repugnantiae
818 1677 954 1741 formam
989 1700 1054 1741 non
1090 1677 1218 1743 cadunt.

151 1785 332 1870 Utrumque
355 1794 462 1849 autem
486 1784 688 1870 repugnandi
711 1806 813 1869 genus
838 1782 953 1849 Cicero
976 1785 1011 1848 in
1034 1784 1218 1848 Partitioni-

152 1894 213 1958 bus
239 1917 334 1957 unam
358 1893 393 1956 in
417 1892 587 1956 formulam
612 1892 776 1956 concludit
792 1890 968 1976 eademque
988 1892 1141 1976 patefacit
1164 1893 1219 1976 qui

152 2002 209 2064 fiat
232 2011 268 2064 nt
291 2001 423 2063 omnino
448 1999 516 2064 eius
545 1999 632 2062 modi
663 1999 887 2062 contentiones
915 2000 1070 2063 oriantur.
1123 1996 1220 2078 Quod
1250 2042 1253 2046 -

154 2107 317 2188 enimait,
354 2106 554 2190 temporibus
589 2105 659 2168 fieri
683 2114 718 2169 ut
751 2105 906 2169 honestas
931 2114 963 2168 et
986 2104 1111 2170 utilitas
1135 2106 1219 2169 inter

155 2236 189 2276 se
214 2212 419 2294 contendant,
446 2212 492 2276 sic
516 2213 763 2296 interpretemur
787 2222 912 2296 oportet
928 2221 963 2275 ut
981 2212 1218 2297 intellegamus

156 2318 242 2403 quod
265 2320 452 2404 plerumque
477 2318 554 2382 utile
577 2319 735 2382 habeatur
764 2331 795 2382 61
819 2319 1006 2405 appelletur,
1037 2319 1070 2383 id
1099 2331 1219 2405 tempo·

155 2426 245 2489 ribus
269 2427 401 2489 mutatis
431 2447 502 2488 cum
530 2425 699 2489 honestate
729 2435 851 2490 certare
879 2449 974 2512 posse
1004 2437 1035 2491 et
1062 2450 1219 2491 nonnum·

155 2555 252 2617 quam
276 2555 349 2596 cum
372 2531 511 2597 utilitate
541 2533 714 2616 confligere
746 2556 827 2618 quae
855 2534 1007 2600 honestas
1036 2535 1216 2600 existimari

155 2650 187 2704 et
210 2640 370 2704 nominari
394 2639 504 2704 soleat.
550 2640 595 2705 Et
617 2640 745 2725 longius
770 2642 816 2705 ita
839 2664 935 2726 quam
959 2643 994 2707 in
1016 2643 1073 2707 lib.
1100 2642 1139 2706 de
1164 2643 1216 2706 off.

154 2747 253 2812 alib.
279 2747 318 2811 de
341 2747 407 2812 inv.
433 2747 618 2813 disceditur.
664 2748 703 2812 Id
727 2750 813 2813 enim
837 2749 876 2814 de
902 2773 964 2834 quo
993 2750 1143 2815 omnibus
1168 2750 1220 2813 his

154 2854 234 2919 locis
259 2855 364 2940 agitur
386 2855 433 2919 ita
456 2856 564 2921 verbis
589 2856 719 2920 effertur
748 2867 782 2920 ut
804 2856 839 2920 in
867 2857 923 2920 lib.
950 2856 988 2920 de
1012 2857 1078 2920 inv.
1103 2853 1147 2939 (2,
1166 2857 1218 2938 58,

156 2956 298 3044 176116
326 2964 578 3027 commutatione
606 2963 784 3028 honestatis
820 2975 852 3026 et
886 2963 1045 3045 utilitatis,
1081 2973 1220 3048 praeter·

153 3070 254 3134 missa
276 3069 390 3134 harum
414 3093 521 3134 rerum
546 3071 760 3152 contentione,
785 3070 820 3132 in
843 3070 899 3133 lib.
918 3069 957 3133 de
978 3069 1030 3133 off.
1049 3080 1081 3133 et
1104 3070 1143 3133 de
1160 3068 1221 3133 hac

156 3178 405 3242 commutatione
429 3175 473 3262 (1,
498 3179 549 3261 10,
573 3179 630 3257 313
661 3178 690 3260 3,
712 3178 743 3261 4,
767 3177 821 3259 193
853 3178 881 3260 3,
905 3177 957 3259 25,
980 3172 1037 3260 95)
1066 3187 1097 3241 61
1121 3177 1160 3242 (16
1184 3200 1222 3243 ea

154 3307 238 3369 quae
261 3283 408 3348 videatur
431 3284 654 3370 repugnantia,
685 3285 718 3348 in
742 3284 976 3349 Partitionibus
1006 3284 1044 3348 de
1075 3307 1219 3369 eaquae

154 3390 354 3475 temporibus
377 3392 435 3455 fiat
458 3392 696 3457 concertatione
721 3391 854 3455 dicatur.
903 3388 967 3456 Sed
992 3393 1155 3477 pergimus
1179 3391 1221 3455 ad

155 3498 313 3563 tractandi
337 3509 520 3583 praecepta.
567 3499 606 3562 In
629 3498 680 3564 his
706 3496 820 3564 Cicero
845 3500 879 3563 in
902 3499 958 3563 lib.
985 3499 1085 3564 deor.
1103 3495 1148 3582 (2,
1166 3499 1219 3582 82,

156 3600 235 3687 335)
252 3605 360 3668 omnia
376 3604 417 3668 ad
430 3627 548 3688 genera
561 3605 678 3690 derigit
689 3617 860 3688 oratorum,
879 3607 932 3690 qui
949 3615 1004 3670 aut
1019 3606 1221 3670 honestatem

154 3721 211 3777 aut
234 3704 406 3775 utilitatem
424 3710 606 3794 defendant,
633 3712 867 3777 consideratius
891 3722 998 3776 autem
1021 3713 1055 3775 in
1072 3712 1221 3776 Partitio-

154 3820 251 3885 nibus
274 3819 309 3882 in
332 3818 446 3903 primis
470 3817 631 3882 auditores
655 3818 875 3903 respiciendos
899 3841 970 3883 esse
994 3818 1157 3901 significat
1180 3818 1221 3882 ad

156 3948 330 4011 eorumque
353 3925 521 4010 opiniones
547 3926 724 3989 orationem
748 3925 1065 3990 accommodandam.
1113 3922 1220 4004 Quam

154 4035 191 4097 in
214 4033 408 4099 sententiam
432 4042 463 4097 et
487 4032 551 4096 alia
575 4032 732 4118 quaedam
756 4057 840 4098 nova
864 4033 1012 4119 adiungit
1041 4034 1080 4098 de
1109 4034 1220 4120 volup·
