2746 4560
634 186 682 271 rr*

115 393 220 449 totum
255 382 290 449 in
325 384 584 470 amplificatione.
634 384 853 469 Amplifieatio
877 393 983 450 autem
1007 384 1185 470 ubique'in

117 493 351 558 Partitionibus
376 515 394 556 a
418 493 497 557 locis
527 493 751 557 communibus
783 492 969 557 secernitur.
1016 493 1089 578 Nec.
1108 502 1185 557 vero

115 600 196 665 baec
230 600 265 664 in
299 600 340 664 iis
377 599 415 663 de
450 600 566 684 quibus
602 598 727 683 agimus
757 599 938 684 neglegitur
965 599 1092 685 aliaque
1119 622 1189 663 non

117 709 223 772 minus
248 708 340 771 utilia
363 706 529 771 accedunt.

205 813 249 879 Et
271 815 306 877 in
330 814 516 878 definitione
540 813 697 877 nonnulla
721 821 847 898 apertas
866 814 906 878 ob
923 835 1038 878 causas
1062 823 1185 878 mutata

116 932 202 986 sunt.
247 918 334 987 'Oum
369 921 455 985 enim
490 921 602 984 eadem
629 921 695 984 fere
723 921 756 984 in
780 920 837 985 lib.
862 920 901 984 de
924 921 991 985 inv.
1016 930 1048 985 et
1071 921 1110 984 de
1135 944 1184 985 ae·

117 1031 283 1094 cusatione
307 1040 339 1094 et
363 1029 402 1093 de
432 1028 618 1093 defensione
647 1028 733 1093 dicta
768 1029 842 1110 sint,
880 1028 986 1114 aptius
1021 1029 1055 1092 in
1083 1029 1184 1094 Parti·

116 1136 258 1202 tionibus
284 1138 467 1201 oommunia
496 1137 667 1200 traduntur
695 1137 861 1221 utriusque
888 1137 989 1221 partis
1014 1144 1191 1222 praecepta

114 1241 186 1325 (36,
229 1246 289 1309 123
311 1240 406 1329 sqq.)
459 1243 595 1325 Deinde,
637 1244 664 1306 si
704 1243 886 1329 exemplum
923 1242 1019 1307 huius
1058 1244 1184 1327 generis

15 1429 21 1440 Ι
114 1347 152 1433 (ἓ
176 1353 239 1415 124
255 1349 340 1437 sqq.)
375 1352 670 1437 praetermittimus,
707 1360 843 1436 quatuor
873 1373 1044 1436 possumus
1069 1361 1184 1415 tracta·

118 1458 216 1522 tionis
250 1468 358 1544 partes
385 1459 419 1521 in
443 1457 678 1523 Partitionibus
707 1457 914 1542 distinguere,
951 1457 1182 1537 definitionem,

113 1567 393 1630 confirmationem
417 1565 614 1629 definitionis
631 1563 687 1648 (ἕὲ
706 1567 779 1647 123,
798 1567 862 1630 126
875 1561 968 1648 ext),
993 1565 1082 1630 locos
1100 1573 1183 1629 com·

116 1695 229 1738 munes
253 1674 450 1738 accusatoris
468 1685 500 1737 11
516 1673 704 1755 defensoris,
730 1673 1015 1758 amplificationem
1035 1670 1090 1755 (ἐξ
1109 1673 1184 1755 121,

119 1777 210 1864 128);
244 1782 278 1845 11
301 1781 357 1846 lib.
384 1781 424 1845 de
446 1782 511 1844 inv.
537 1782 679 1866 quinque
702 1782 820 1865 partes,
851 1779 1081 1861 definitionem,
1112 1801 1184 1843 con·

112 1887 331 1952 firmationem
359 1888 566 1970 definitionis,
604 1888 843 1951 adiunctionem
871 1897 926 1949 aut
949 1886 1184 1972 separationem

114 1994 192 2058 iacti
217 2017 289 2058 cum
318 1995 398 2059 locis
429 1995 663 2075 communibus,
699 1993 950 2057 infirmationem
986 1993 1183 2058 definitionis

114 2101 385 2182 adversariorum,
415 2101 502 2165 locos
527 2123 713 2164 communes
737 2097 781 2183 (2,
809 2101 859 2182 11,
885 2102 927 2167 53
945 2096 1049 2185 sqq.)
1072 2101 1184 2185 Neque

116 2208 299 2291 necessario
336 2229 417 2292 quae
445 2208 478 2270 in
507 2207 741 2272 Partitionibus
777 2209 977 2291 omittuntur,
1018 2208 1182 2273 adiunctio

113 2323 172 2376 aut
211 2310 371 2398 separatio
409 2315 486 2378 facti
526 2325 557 2378 et
596 2315 769 2379 infirmatio
810 2314 878 2379 eius
914 2337 977 2400 qua
1008 2316 1184 2380 adversarii

114 2429 249 2484 1111111
283 2420 478 2501 definitione,
516 2444 536 2485 a
563 2422 696 2506 reliquis
724 2422 869 2506 partibus
894 2434 1103 2507 segregantur
1127 2424 1183 2488 sed

113 2537 202 2591 recte
227 2528 430 2592 subiciuntur
453 2528 516 2612 ipsi
541 2528 721 2593 definitioni
746 2538 778 2592 et
802 2530 999 2595 definitionis
1016 2533 1181 2595 confirma-

114 2634 207 2699 tioni.
256 2631 452 2700 Communes
488 2646 594 2700 autem
631 2636 741 2721 quales
776 2637 810 2700 in
845 2637 901 2702 lib.
939 2637 978 2702 de
1012 2638 1077 2703 inv.
1108 2638 1185 2712 defi÷

113 2743 247 2807 niuntur
280 2744 344 2807 loci
378 2743 411 2807 in
448 2744 527 2808 duas
555 2754 663 2829 partes
684 2744 717 2808 in
741 2744 975 2809 Partitionibus
999 2746 1184 2810 tribuuntur

111 2850 366 2936 amplificatione
394 2852 540 2916 seiuncta
563 2853 800 2937 separatimque
828 2862 974 2934 tractata,
1012 2854 1102 2917 euius
1125 2854 1181 2935 rei,

112 2980 214 3042 quam
249 2966 281 3023 et
315 2968 410 3022 antea
444 2959 609 3043 tetigimus
645 2956 712 3044 (pp.
745 2960 797 3040 20,
822 2960 875 3040 42,
902 2954 971 3040 11),
1017 2959 1078 3022 hoc
1112 2959 1183 3023 loeo

111 3065 292 3129 dilucidum
315 3077 365 3130 est
389 3066 571 3150 exemplum
595 3063 651 3148 (ἐξ
671 3067 745 3143 121,
772 3066 850 3146 128;
877 3065 915 3130 of.
941 3065 1074 3149 §ella
1095 3063 1181 3149 116).

112 3171 276 3257 Praecipit
309 3196 385 3237 vero
420 3173 455 3238 in
491 3182 624 3258 utroque
653 3194 749 3257 opere
774 3169 889 3237 Cicero
915 3182 950 3236 11
973 3173 1117 3238 definitio
1142 3174 1183 3238 ad

113 3301 317 3343 communem
346 3303 477 3345 sensum
505 3280 753 3365 opinionemque
782 3279 948 3345 hominum
972 3281 1128 3345 referatur
1152 3292 1183 3345 et

112 3386 146 3448 in
172 3385 360 3450 definitione
384 3387 606 3451 confirmanda
627 3409 678 3452 res
703 3388 825 3452 similes
849 3387 1044 3452 inducantur
1067 3385 1112 3474 (p.
1136 3411 1181 3453 or.

114 3493 157 3570 ἐξ
176 3494 248 3574 123,
276 3494 353 3576 126;
379 3493 418 3557 de
443 3495 507 3559 inv.
533 3497 563 3576 2,
592 3496 642 3577 11,
668 3495 710 3559 53
733 3491 819 3580 sqq.)
855 3505 887 3559 et
920 3496 953 3560 in
988 3496 1068 3560 locis
1098 3517 1182 3558 com·

113 3600 266 3664 munibus
291 3599 330 3664 de
355 3601 446 3665 verbi
469 3602 735 3686 interpretatione
752 3612 807 3666 aut
823 3601 1052 3687 depravatione
1069 3612 1183 3686 agatur

113 3706 158 3793 (p.
184 3730 229 3771 or.
256 3709 307 3789 36,
336 3709 412 3790 121;
451 3708 489 3771 de
512 3708 578 3772 inv.
604 3709 633 3789 2,
661 3710 711 3791 18,
737 3709 780 3773 55
797 3704 892 3794 sqq).
944 3709 1045 3773 Paulo
1075 3719 1181 3773 autem

114 3815 240 3900 plenius
265 3815 298 3878 in
322 3814 556 3880 Partitionibus
582 3815 745 3900 significat
767 3817 884 3901 quibus
913 3828 1078 3901 praeterea
1101 3816 1182 3880 locis

111 3923 148 3987 in
172 3922 355 3987 definiendo
380 3923 534 3987 utendum
550 3924 601 4006 sit,
627 3923 728 3988 altera
744 3946 784 3988 ex
799 3934 889 4010 parte
907 3925 1085 4007 contrariis,
1108 3946 1181 3988 con·
1207 4003 1209 4006 y

46 4012 54 4024 ’
113 4031 335 4116 sequentibus
360 4032 500 4114 nomine,
526 4032 627 4095 altera
643 4041 789 4117 exparte
805 4033 885 4097 locis
908 4032 1091 4117 aequitatis,
1109 4054 1182 4096 auc-
