2746 4560
663 256 705 319 41

150 432 311 518 explicata
335 430 450 499 Cicero
473 457 539 497 non
563 433 671 498 minus
696 442 844 497 accurate
868 433 1012 498 locorum
1036 432 1220 518 adsumpto-

149 565 220 605 rum
236 541 472 624 tractationem,
498 562 580 625 quae
605 551 673 604 erat
696 541 730 604 in
754 540 810 605 lib.
837 540 876 604 de
899 542 966 606 inv.
992 551 1023 605 et
1046 542 1080 605 in
1104 541 1160 606 lib.
1180 540 1219 604 de

149 671 194 712 or.
212 648 369 733 neglecta,
388 647 482 712 docet
496 646 624 712 rediens
642 647 703 712 hoc
720 646 814 711 modo
831 647 873 711 ad
890 648 1083 712 sententiam
1094 649 1219 713 Aristo·

150 756 224 820 telis
249 751 417 838 (11111111.
437 757 465 838 1,
486 750 541 838 15)
565 765 597 819 11
621 752 789 820 Cornificii
815 754 867 833 (cf.
886 754 925 819 ad
943 755 1022 819 Her.
1040 756 1070 837 2,
1088 757 1219 840 6sqq.).

150 861 241 943 Quos
264 872 373 926 tamen
398 862 570 947 scriptores
594 885 698 947 neque
722 863 756 925 in
780 862 953 947 partitione
976 862 1071 926 huius
1087 862 1159 944 loci,
1185 863 1220 925 in

150 993 214 1055 qua
248 970 283 1033 in
311 969 544 1034 Partitionibus
573 969 796 1034 tantummodo
826 980 926 1034 testes
955 979 987 1039 et
1015 969 1221 1054 quaestiones

150 1086 345 1164 spectantur,
371 1095 475 1161 neque
498 1077 533 1140 in
560 1077 697 1160 singulis
722 1086 888 1161 praeterea
913 1076 945 1139 in
971 1077 1156 1140 universum
1174 1098 1221 1140 se·

151 1194 243 1248 cutus
274 1193 332 1248 est.
380 1181 445 1248 Sed
478 1184 627 1248 omnibus
661 1185 916 1248 confirmationis
944 1183 1124 1269 praeceptis
1152 1205 1221 1268 per·

151 1292 298 1356 tractatis
322 1291 434 1355 licebit
457 1291 498 1355 ad
523 1300 698 1355 extremam
731 1291 886 1355 orationis
910 1301 1034 1376 partem
1058 1289 1220 1354 accedere.

483 1471 513 1534 9.
552 1469 608 1534 De
632 1470 889 1555 peroratione.

242 1613 436 1687 Nominatur
458 1612 539 1677 haec
561 1635 637 1698 pars
665 1612 700 1676 in
724 1612 811 1678 Part.
837 1611 893 1677 Or.
918 1612 1078 1697 peroratio
1114 1608 1158 1693 (1,
1185 1612 1221 1693 43

152 1722 204 1802 15,
229 1716 301 1803 52),
338 1719 371 1783 in
396 1720 452 1784 lib.
479 1718 517 1782 de
540 1719 607 1784 inv.
637 1717 681 1802 (1,
707 1720 760 1802 52,
786 1714 857 1802 98),
895 1729 929 1782 ut
965 1719 1050 1803 apud
1086 1714 1222 1782 Cornifi-

151 1828 237 1891 cium
260 1823 316 1910 (ad
339 1827 418 1891 Her.
441 1828 470 1910 2,
497 1828 549 1909 30,
575 1821 646 1909 41),
672 1825 846 1908 conclusio,
872 1826 906 1888 in
929 1826 986 1890 lib.
1012 1824 1052 1889 de
1076 1848 1120 1889 or.
1146 1847 1223 1889 con·

153 1935 254 2000 clusio
280 1946 311 1999 et
335 1934 429 2019 quasi
445 1935 605 2020 peroratio
622 1930 666 2016 (2,
687 1936 737 2016 19,
756 1930 827 2016 81)),
852 1934 886 1997 in
904 1931 1040 1998 Oratore
1057 1930 1124 2016 (35,
1145 1929 1223 2015 122)

152 2053 184 2106 11
206 2043 240 2105 in
265 2041 396 2127 Topicis
420 2039 487 2124 (26,
514 2036 571 2124 98)
594 2042 764 2127 peroratio.
812 2040 957 2105 Primum
993 2064 1068 2124 crgo
1099 2040 1139 2104 ad
1170 2063 1223 2104 ex-

153 2160 290 2211 tremam
334 2148 512 2211 orationem
537 2147 806 2231 ‘significandam
846 2143 960 2211 Cicero
1007 2147 1224 2212 conclusionis

153 2255 284 2318 nomine
323 2278 400 2319 usus
440 2265 489 2320 est
528 2265 560 2319 11
597 2255 704 2319 minus
744 2255 875 2339 quidem
910 2266 983 2340 apte
1012 2256 1131 2341 quippe
1160 2278 1225 2340 quo

154 2362 252 2425 etiam
286 2384 360 2446 pars
396 2362 682 2445 argumentationis
719 2362 944 2446 appellaretur,
984 2374 1096 2448 postea
1134 2386 1224 2449 pero-

153 2468 289 2533 rationis
314 2492 433 2533 nomen
448 2468 679 2555 pedetemptim
696 2469 832 2553 induxit,
857 2469 919 2535 hoc
936 2493 1050 2534 nomen
1069 2471 1173 2536 solum
1189 2472 1235 2555 in,

153 2576 245 2640 libris
281 2576 468 2641 novissimis
501 2577 618 2662 posuit.
666 2576 832 2642 Peroratio
860 2579 959 2662 igitur
982 2578 1016 2641 in
1040 2577 1224 2642 Partitioni-

155 2685 214 2748 bus
262 2683 418 2749 dividitur
462 2685 497 2747 in
544 2684 829 2769 amplificationem
875 2696 907 2749 et
950 2686 1225 2749 enumerationem

153 2786 219 2874 (15,
246 2786 316 2874 52),
341 2791 377 2855 in
399 2792 455 2856 lib.
482 2791 522 2856 de
544 2792 610 2857 inv.
636 2790 680 2876 (1,
706 2794 758 2875 52,
785 2789 842 2875 98)
876 2793 910 2857 in
940 2793 1223 2874 enumerationem,

152 2898 418 2983 indignationem,
456 2901 730 2985 conquestionem.
778 2897 888 2979 Quare
917 2901 951 2963 in
979 2899 1223 2978 PartitionibuS,

153 3016 275 3070 mutato
312 3008 409 3071 etiam
444 3008 567 3090 ordine,
608 3006 816 3091 amplificatio
852 3007 958 3070 locum
994 3006 1139 3070 obtinere
1177 3006 1225 3069 in-

154 3113 351 3197 dignationis
376 3124 408 3178 et
431 3115 673 3200 conquestionis
697 3113 834 3179 videtur.
866 3114 993 3178 Harum
1017 3115 1102 3177 enim
1118 3137 1225 3178 rerum

153 3223 255 3285 altera
278 3231 385 3285 orator
408 3221 518 3285 odium
543 3222 706 3286 concitare
731 3222 847 3304 studet,
874 3223 976 3285 altera
1000 3231 1108 3307 captat
1131 3223 1225 3287 mise·

153 3327 337 3392 ricordiam.
385 3329 607 3412 Amplificatio
643 3340 750 3393 autem
788 3353 853 3392 non
888 3329 929 3392 ad
958 3353 1056 3392 unum
1084 3329 1225 3414 aliquem

154 3435 293 3521 pertinet
317 3434 416 3497 animi
440 3447 563 3500 motum
587 3436 644 3500 sed
672 3438 705 3500 in
736 3437 852 3501 animis
876 3460 1004 3523 quoquo
1028 3437 1123 3501 modo
1147 3437 1225 3500 inci·

156 3541 264 3606 tandis
289 3552 436 3605 versatur
459 3539 505 3624 (8,
524 3544 581 3625 2’1;
609 3545 659 3626 15,
678 3540 745 3626 53).
781 3544 895 3629 Neque
919 3567 957 3608 ea
981 3567 1045 3629 qua
1067 3546 1101 3608 in
1117 3555 1226 3629 partes

155 3670 220 3722 tres
243 3657 405 3743 peroratio
437 3657 592 3722 dividitur
620 3660 751 3744 partitio
776 3660 948 3723 admodum
972 3661 1088 3744 placet.
1137 3659 1225 3723 Talis

155 3779 205 3830 est
229 3765 315 3829 enim
339 3763 573 3847 indignationis
598 3774 630 3828 11
653 3767 895 3850 conquestionis
917 3767 1066 3849 cognatio
1086 3777 1120 3829 ut
1141 3789 1225 3830 com-

154 3883 286 3959 paratae
322 3894 394 3936 eum
430 3873 670 3936 enumeratione
705 3896 771 3937 non
807 3873 869 3937 duo
898 3896 1017 3957 genera
1046 3874 1101 3938 sed
1127 3898 1226 3938 unum

156 3979 318 4065 quoddam
351 4001 453 4062 genus
489 3977 640 4043 efficiant.
688 3977 787 4043 Omni
825 3990 932 4044 autem
962 3978 1076 4047 Cicero
1105 3982 1139 4045 in
1167 3982 1224 4046 lib.

157 4087 195 4152 de
219 4110 264 4152 or.
290 4084 334 4170 (2,
360 4087 412 4170 81,
439 4081 495 4169 32)
519 4096 551 4151 11
573 4087 608 4150 in
633 4085 770 4151 Oratore
794 4083 959 4171 (35,122)
987 4100 1019 4153 11
1041 4090 1075 4153 in
1093 4088 1226 4175 Topicis
