2746 4560
661 209 703 272 62

147 396 213 451 1616
235 386 397 451 laudanda
413 397 445 450 61
461 386 554 451 malis
572 385 794 470 depingendis,
821 386 937 470 quibus
953 385 1050 449 rebus
1066 383 1219 448 homines

148 505 291 580 agrestes
316 504 347 558 et
377 493 509 576 indocti,
546 494 643 558 etiam
678 493 707 558 si
742 493 867 578 reliqua
891 501 1052 578 spernant,
1090 492 1219 556 'moveri

147 603 282 687 possint.

240 704 304 772 Sed
328 708 367 772 ad
392 709 526 771 alteram
562 730 601 771 ex
637 707 763 771 duabus
799 707 945 792 partibus
979 707 1014 770 in
1049 728 1115 790 qua
1139 705 1219 790 quid

148 816 218 879 fieri
242 816 346 899 possit
369 815 533 900 quaeritur
555 825 745 899 perventum
769 823 819 879 est
842 810 908 897 (26,
927 815 983 895 93;
1013 813 1052 878 cf.
1072 815 1125 897 24,
1144 810 1217 894 86);

150 944 232 1006 quae
257 924 402 1007 quaestio
427 923 524 986 etiam
548 924 579 985 in
605 922 661 987 lib.
681 922 719 986 66
737 946 782 985 or.
800 922 1039 986 contentionem
1065 922 1218 986 utilitatis

150 1039 183 1094 61
204 1029 383 1094 honestatis
407 1051 576 1093 excussam
612 1030 819 1114 consequitur
853 1027 897 1112 (2,
916 1030 969 1111 82,
992 1025 1081 1111 336),
1113 1029 1219 1112 magis

151 1148 258 1201 autem
282 1138 317 1201 in
340 1137 575 1201 Partitionibus
606 1136 772 1215 dilatatur,
801 1137 942 1221 primum
971 1158 1143 1200 causarum
1168 1158 1220 1218 ge·

149 1247 289 1327 neribus,
316 1268 397 1330 quae
422 1244 534 1308 eadem
559 1256 763 1330 exponuntur
785 1245 817 1309 in
835 1245 918 1310 libro
936 1244 975 1308 66
991 1244 1056 1308 fato
1074 1240 1143 1327 (16,
1164 1241 1219 1326 36)

150 1364 181 1418 61
204 1353 239 1417 in
263 1352 393 1438 Topicis
417 1350 484 1435 (14,
502 1348 569 1434 68),
600 1352 716 1416 deinde
744 1353 825 1438 ipsis
855 1351 1025 1437 explicatis
1054 1351 1219 1415 efficiendi

149 1460 339 1524 rationibus
387 1457 443 1524 Sic
466 1457 582 1524 Cicero
607 1482 688 1544 quae
706 1459 858 1523 inchoata
874 1470 998 1523 tantum
1015 1469 1111 1523 antea
1128 1468 1220 1523 erant

151 1566 193 1631 ad
232 1566 462 1651 perfectionem
505 1567 666 1651 quandam
706 1578 738 1630 et
782 1567 1017 1632 absolutionem
1056 1566 1218 1651 perduxit.

151 1674 220 1738 Nec
245 1673 402 1738 dissimile
425 1673 562 1738 fortasse
591 1674 733 1737 studium
757 1675 789 1737 in
815 1673 1022 1758 exquisitiore
1046 1695 1220 1737 causarum

150 1781 419 1845 nominandarum
446 1783 570 1845 ratione
601 1781 741 1866 perspici
769 1790 885 1867 potest.
941 1780 1014 1844 Non
1050 1781 1153 1863 enim,
1185 1790 1220 1844 ut

151 1889 301 1953 inlibris
328 1888 366 1952 de
391 1889 589 1952 divinatione
625 1899 657 1952 et
690 1889 724 1952 in
758 1888 842 1954 libro
878 1888 917 1952 de
940 1887 1005 1953 fato
1042 1899 1074 1974 et
1097 1889 1134 1951 in
1159 1887 1219 1951 To·

151 1998 242 2082 piciS,
279 2019 334 2061 eas
371 2019 484 2060 causas
520 2018 602 2080 quae
641 2018 699 2060 sua
738 1996 771 2059 vi
811 1995 932 2081 aliquid
971 1994 1114 2058 efficiant
1154 1994 1219 2059 effi·

151 2105 273 2168 cientes
305 2103 446 2188 appellat
477 2103 533 2167 sed
562 2103 784 2167 usitatioribus
815 2103 923 2167 verbis
959 2103 1088 2166 evitatis
1123 2104 1220 2167 confi·

154 2213 276 2276 cientes
312 2211 420 2275 vocari
454 2210 544 2274 iubet
568 2212 691 2274 eteius
715 2210 804 2274 modi
839 2233 909 2275 esse
945 2209 1023 2273 dicit
1046 2192 1094 2273 ’61
1130 2210 1220 2296 ipsae

153 2319 327 2382 conficiant
342 2314 386 2403 (p.
404 2341 448 2382 or.
467 2319 519 2401 26,
538 2319 580 2383 93
598 2341 682 2402 sqq.;
719 2317 757 2381 de
775 2318 838 2382 div.
858 2319 886 2399 1,
908 2318 961 2400 66,
981 2317 1059 2399 1253
1098 2316 1139 2381 66
1162 2317 1219 2381 fat.

153 2427 204 2508 14,
224 2426 279 2507 333
306 2426 357 2507 16,
376 2427 431 2504 36;
457 2436 522 2511 top.
542 2426 592 2507 14,
610 2421 677 2506 68).

240 2532 388 2616 Denique
411 2533 566 2596 nonnulla
588 2532 679 2616 ponit
702 2533 856 2596 orationis
877 2532 911 2595 in
927 2553 1042 2613 genere
1060 2531 1220 2596 delibera·

151 2640 218 2703 tivo
235 2638 419 2702 tractandae
436 2646 606 2723 praecepta
621 2640 795 2702 maximam
811 2646 935 2724 partem
952 2648 1006 2702 aut
1022 2638 1120 2705 exiis
1138 2660 1220 2724 quae

152 2748 298 2832 proxime
321 2745 518 2832 praecedunt
544 2747 656 2830 petita,
693 2754 728 2808 ut
764 2745 802 2809 de
838 2746 972 2810 utilibus
1001 2754 1032 2808 61
1059 2744 1220 2828 honestis,

151 2864 207 2919 aut
230 2853 350 2920 similia
374 2877 481 2918 eorum
506 2876 588 2938 quae
612 2853 686 2917 data
709 2862 805 2917 antea
828 2862 919 2917 erant
943 2852 982 2917 de
1005 2851 1221 2916 collocatione

152 2961 269 3026 66166
293 2961 424 3026 exordio
449 2970 481 3025 61
503 2961 706 3046 peroratione
730 2969 785 3023 aut
808 2961 957 3024 universe
982 2958 1021 3022 66
1042 2959 1221 3045 amplifica·

152 3071 250 3152 tione,
278 3070 367 3134 cuius
391 3068 479 3133 modi
503 3079 578 3133 sunt
602 3091 682 3153 quae
707 3068 747 3132 ad
771 3068 919 3153 exempla
941 3065 997 3149 (ἓὲ
1013 3067 1065 3148 66,
1092 3062 1162 3151 68),
1180 3067 1222 3131 66

152 3176 262 3239 odium
285 3170 319 3256 (ἕ
335 3170 406 3258 66),
444 3175 483 3238 66
512 3187 630 3239 statum
656 3175 857 3239 fortunarum
884 3183 916 3237 et
943 3182 1077 3238 eventus
1101 3173 1222 3240 dubios

152 3280 187 3363 (ἓ
204 3278 275 3364 57),
312 3281 352 3345 66
379 3282 538 3368 principia
566 3282 692 3366 aliaque
728 3282 899 3366 pertinent.
944 3280 997 3344 Ita
1024 3290 1056 3344 61
1082 3280 1166 3346 haec
1191 3292 1223 3347 et

153 3390 334 3475 superiora,
369 3412 451 3474 quae
480 3391 512 3453 in
537 3388 770 3453 Partitionibus
801 3389 839 3453 66
868 3388 1072 3453 suasionibus
1096 3391 1223 3474 praeci-

155 3498 303 3583 piuntur,
340 3505 395 3561 aut
418 3497 607 3582 simpliciter
630 3504 685 3560 661
708 3518 780 3559 oum
804 3497 999 3560 correctione
1024 3496 1164 3580 quadam
1191 3508 1224 3562 et

155 3605 405 3690 amplificatione
429 3604 503 3668 duci
527 3604 691 3689 exipsius
716 3600 883 3669 Ciceronis
906 3602 998 3667 libris
1022 3613 1182 3687 poterant.

243 3710 309 3777 Sed
334 3734 406 3777 cum
429 3712 492 3776 tria
515 3712 580 3777 sint
603 3733 722 3796 genera
749 3733 916 3775 causarum
945 3710 1047 3795 deque
1083 3709 1224 3776 duorum

152 3821 334 3906 praeceptis
358 3818 565 3905 disputatum,
591 3819 630 3883 de
646 3819 732 3883 tertii
750 3817 921 3882 dicendum
937 3828 995 3881 est.
1023 3817 1104 3901 Agit
1120 3819 1224 3903 igitur

154 3924 270 3992 Cicero
294 3927 328 3991 in
344 3926 576 3992 Partitionibus
601 3926 640 3990 de
663 3927 728 3990 fine
743 3926 870 4010 generis
886 3924 1047 3989 iudicialis
1063 3919 1133 4007 (28,
1151 3922 1222 4009 98),

154 4032 195 4097 66
211 4034 330 4099 iudicio
347 4033 571 4099 constituendo
588 4031 654 4116 (28,
667 4027 732 4116 99),
752 4032 790 4096 66
808 4033 944 4098 statibus
959 4028 1026 4113 (29,
1043 4031 1104 4095 101
1120 4028 1222 4117 sqq.)‚
