2746 4560
655 224 694 288 77

132 423 220 486 'quae
235 400 271 465 in
286 400 378 465 libris
396 400 435 464 de
452 409 576 465 oratore
593 397 637 485 (2,
656 403 707 484 31,
728 402 791 466 133
809 423 890 486 sqq,
918 402 982 467 138
999 396 1085 487 sqq.)
1109 424 1205 487 quam

129 508 245 573 abiis
274 531 356 594 quae
385 508 419 602 in
449 507 585 573 Oratore
612 504 679 592 (14,
697 510 755 591 453
786 509 825 574 cf.
850 509 921 574 Pid.
946 509 1024 575 ibid.
1050 505 1206 592 1111149)

126 625 302 701 ponuntur
326 615 505 680 discedunt.
554 614 650 695 Quod
685 615 772 679 idem
807 615 871 680 dici
906 627 1013 701 potest
1047 615 1086 680 de
1114 639 1205 700 argu·

126 723 255 788 -mentis
281 721 501 808 expendendis
525 718 579 805 (cf.
596 744 627 807 p,
645 744 689 787 or.
709 724 738 805 3,
758 723 792 805 83
817 746 862 787 or.
883 724 1007 805 15,st
1037 723 1109 787 Pid.
1126 723 1204 788 ibid.

128 829 288 912 :adn.50;
326 827 365 894 cf.
384 829 481 893 etde
506 829 598 911 012,
619 831 669 912 16,
688 825 777 911 309).
834 825 899 893 Sed
935 829 1012 915 quid
1046 830 1139 916 plura
1167 830 1205 893 de

128 937 208 1000 eius
232 935 320 1000 modi
344 937 582 1022 comparatione
607 958 688 1021 quae
712 935 794 999 nihil
818 935 858 999 ad
875 938 1096 1020 quaestionem
1114 937 1206 1001 insti·

129 1052 243 1107 <tutam
268 1043 425 1107 attineat?

175 1152 177 1155 ’
228 1149 307 1215 Alia
335 1151 432 1215 etiam
466 1160 593 1236 praeter
620 1151 773 1236 temporis
801 1151 959 1216 rationem
989 1150 1205 1234 comparando

139 1259 390 1343 quaerebamus:
409 1259 518 1322 etiam
534 1267 620 1322 certo
638 1259 756 1322 scimus
771 1255 960 1323 Ciceronem
973 1257 1206 1322 Partitionibus

128 1365 320 1430 *scribendis
344 1366 379 1429 in
402 1366 515 1451 primis
546 1365 666 1430 unuin
691 1375 781 1451 parte
805 1366 884 1430 artis
913 1366 1072 1431 oratoriae
1100 1364 1205 1429 clabo-

134 1496 210 1537 rare
227 1473 379 1538 voluisse.
427 1472 466 1537 Id
484 1473 614 1558 quidem
629 1474 725 1538 facile
742 1496 782 1537 ex
798 1473 1013 1538 divisionibus
1029 1472 1207 1558 partitioni·

131 1582 264 1665 busque
298 1581 438 1666 perspici
472 1591 588 1665 potest.
647 1577 876 1665 Compluribus
912 1581 1000 1644 enim
1023 1575 1138 1644 Cicero
1172 1581 1207 1643 in

139 1687 201 1752 hoc
225 1688 334 1753 libello
370 1688 471 1751 utitur
505 1688 605 1753 iniis
629 1711 710 1773 quae
746 1697 841 1751 antea
878 1688 1015 1773 partitus
1050 1698 1207 1755 nouerat

129 1795 339 1880 partiturque
363 1817 460 1879 saepe
484 1794 579 1860 aliter
602 1807 698 1880 atque
721 1796 757 1859 in
779 1795 913 1879 reliquis
937 1794 1030 1858 libris
1055 1805 1095 1876 et,
1121 1794 1206 1879 quod

131 1926 182 1967 ex
206 1903 318 1967 eodem
348 1901 509 1988 partiendi
541 1901 647 1967 studio
676 1902 834 1984 nascitur,
865 1900 1060 1984 diligentius.
1083 1924 1120 1964 eo
1145 1924 1207 1986 quo

131 2010 326 2074 distributio
365 2020 516 2073 accurata
550 2009 692 2094 postulat
726 2008 852 2093 reliqua
889 2017 1061 2093 praecepta
1098 2008 1205 2072 refert.

138 2116 292 2202 Optimae
317 2117 413 2181 etiam
439 2116 581 2179 omnium
606 2138 662 2179 eae
680 2115 855 2180 divisiones
876 2126 952 2179 sunt
975 2137 1057 2200 quae
1080 2114 1115 2178 in
1131 2115 1207 2179 Par·

138 2224 309 2288 titionibus
326 2223 486 2288 Oratoriis
503 2233 714 2308 exponuntur.
763 2220 854 2302 Quae
871 2223 979 2286 omnia
994 2233 1085 2286 tanta
1101 2245 1205 2286 exem·

140 2330 267 2414 plorum
291 2329 497 2393 multitudine
531 2328 773 2394 inlustravimus
810 2340 844 2393 ut
879 2352 917 2393 ea
950 2328 1011 2393 hoc
1045 2329 1116 2394 loco
1140 2351 1206 2394 non

138 2437 301 2501 iteremus.
349 2435 441 2500 Haec
465 2436 492 2500 si
510 2437 691 2501 tenebimus
713 2437 871 2522 simulque
888 2437 968 2500 illud
984 2437 1204 2523 respiciemus,

131 2542 286 2608 >libellum
309 2543 416 2629 ipsum
440 2567 505 2607 non
529 2553 631 2607 artem
654 2544 847 2608 rhetoricam
863 2567 923 2608 nec
943 2554 1114 2629 praecepta
1137 2567 1206 2609 011·

132 2652 224 2715 10111
258 2651 313 2716 sed
348 2650 544 2715 Partitiones
584 2651 752 2717 Cratorias
791 2653 939 2735 inscribi,
980 2651 1205 2736 intellegemus

141 2755 342 2842 Ciceronem,
380 2782 475 2844 quem
511 2759 705 2823 admodum
740 2760 773 2822 in
797 2757 928 2844 Topicis
953 2783 1051 2823 unam
1074 2760 1205 2823 omnino

132 2878 264 2951 'partem
289 2868 388 2932 totius
413 2868 492 2931 artis
517 2867 695 2931 rhetoricae
719 2867 880 2952 explicare
908 2867 1063 2948 instituit,
1096 2867 1144 2931 sic
1171 2867 1205 2930 in

130 2974 373 3039 'Partitionibus
410 2998 474 3038 una
507 2975 712 3061 potissimum
740 2974 775 3037 in
798 2997 841 3056 re,
879 2997 967 3058 quae·
995 2973 1205 3060 inscriptione

135 3080 242 3145 libelli
266 3082 440 3161 indicatur,
466 3103 595 3166 operam
621 3091 652 3144 et
676 3103 786 3144 curam
810 3080 995 3146 collocasse.

229 3190 339 3275 Atque
362 3189 444 3253 illud
468 3189 640 3254 consilium
669 3198 866 3274 compertum
890 3189 976 3255 viam
1000 3188 1040 3253 de
1062 3189 1205 3254 fontibus

131 3293 306 3359 >iudicandi
330 3297 491 3381 patefacit.
539 3298 642 3361 Novis
678 3295 765 3360 enim
799 3296 943 3381 exceptis
977 3297 1205 3382 partitionibus

140 3401 245 3486 iisque
269 3404 449 3489 praeceptis
474 3427 556 3489 quae
580 3427 712 3469 necesse
743 3413 798 3469 aut
825 3405 920 3469 facile
948 3416 1016 3468 erat
1044 3403 1205 3468 cumillis

132 3509 370 3593 cpartitionibus
395 3509 523 3593 inferre,
549 3511 673 3596 reliqua
694 3512 761 3575 fere
784 3511 901 3593 omnia,
932 3521 967 3574 ut
991 3511 1205 3596 comparando

132 3616 359 3700 exposuimus,
399 3613 513 3682 Cicero
548 3619 618 3703 ipse
642 3617 714 3682 aliis
750 3629 824 3682 ante
848 3619 977 3703 scriptis
1004 3618 1097 3682 libris
1122 3640 1206 3683 com·

142 3723 256 3808 plexus
281 3733 358 3788 erat.
407 3722 503 3803 Quod
526 3725 624 3808 igitur
646 3724 681 3787 in
708 3724 941 3789 Partitionibus
977 3725 1054 3789 novi
1088 3726 1204 3805 attulit,

140 3830 176 3894 id
200 3831 297 3895 situm
321 3831 356 3894 in
380 3854 417 3894 ea
440 3831 512 3915 ipsa
545 3854 579 3894 re
615 3831 761 3896 videmus
785 3832 819 3895 in
854 3855 917 3917 qua
940 3833 1110 3918 praecipue
1134 3857 1205 3898 eum

133 3938 283 4024 studium
309 3961 501 4024 operamque
525 3939 672 4024 posuisse
688 3939 783 4003 modo
804 3939 1013 4004 ostendimus
1059 3939 1206 4005 Eandem

144 4057 252 4112 autem
277 4069 357 4132 quae
392 4047 425 4111 in
449 4046 509 4111 hoo
538 4045 649 4111 libello
685 4056 751 4111 11111
787 4047 959 4131 diligenter
994 4057 1121 4113 secutus
1158 4058 1207 4114 est
