2746 4560
671 200 714 264 49

156 397 276 458 genera
299 375 467 456 dividitur,
505 397 641 459 quorum
676 375 812 439 alterum
846 375 887 440 ad
922 377 1080 441 rationem
1116 377 1223 460 officii,

157 482 292 546 alterum
317 481 358 546 ad
382 491 504 545 motum
530 483 629 545 animi
652 461 791 567 pertinet
814 480 859 567 (p.
876 506 921 548 or.
945 485 996 567 19,
1022 486 1078 567 673
1115 484 1155 548 de
1178 506 1223 550 or.

158 591 186 671 3,
213 590 264 672 30,
292 589 370 671 1183
407 602 472 673 top.
502 589 554 671 22,
580 585 646 671 86).
693 588 732 652 In
768 611 805 652 eo
834 598 942 653 autem
972 590 1058 675 quod
1082 591 1223 656 secundo

156 696 226 760 loco
250 696 435 760 nominatur
464 718 580 779 genere
609 695 800 781 explicando
825 693 939 761 Cicero
967 698 1001 761 in
1029 698 1085 762 lib.
1111 698 1150 762 de
1179 722 1223 764 or.

157 815 188 866 et
211 803 246 866 in
270 802 400 888 Topicis
424 802 537 866 eodem
573 802 684 867 ordine
716 812 748 866 et
779 825 881 884 paene
908 803 1025 868 iisdem
1052 805 1160 870 verbis
1185 806 1224 870 de

156 920 245 974 motu
275 910 374 973 animi
403 909 565 994 gignendo
600 910 652 973 vel
683 909 826 974 sedando
853 911 989 993 planeve
1012 911 1155 976 tollendo
1179 913 1224 977 lo-

157 1018 275 1102 quitur.
321 1016 384 1081 His
409 1018 512 1082 tribus
541 1017 688 1100 adiungit
714 1017 748 1080 in
776 1015 1011 1081 Partitionibus
1041 1019 1224 1084 concitandi

157 1125 320 1189 notionem
356 1135 388 1187 et
423 1134 559 1208 quatuor
587 1147 668 1209 quae
696 1123 743 1188 sic
772 1125 918 1188 oriuntur
948 1146 1066 1207 genera
1093 1125 1138 1188 ita
1162 1125 1224 1190 dis·

156 1232 248 1317 ponit
271 1240 306 1294 ut
330 1231 463 1295 tollendi
488 1241 520 1295 et
544 1231 680 1296 sedandi
703 1231 883 1295 rationibus
911 1231 1066 1314 gignendi
1095 1241 1127 1295 et
1150 1254 1224 1296 con·

158 1338 278 1402 citandi
301 1361 419 1422 genera
441 1337 668 1423 respondeant.
717 1336 824 1417 Quare
860 1349 891 1401 et
919 1339 954 1401 in
981 1337 1033 1402 his
1063 1338 1223 1424 quomodo

157 1445 352 1511 Partitiones
377 1470 396 1510 a
419 1447 475 1511 lib.
501 1446 540 1510 de
565 1469 609 1510 or.
639 1456 671 1510 et
698 1446 828 1532 Topicis
865 1446 1014 1510 differant
1049 1457 1080 1511 et
1116 1447 1154 1511 de
1182 1448 1223 1512 iis

157 1577 238 1639 quae
262 1555 303 1619 ad
327 1554 580 1619 consultationes
605 1555 767 1639 pertinent
790 1554 949 1619 universis
974 1553 1052 1638 quid
1079 1554 1223 1619 iudican-

156 1663 232 1727 dum
253 1663 295 1728 sit
318 1663 541 1749 perspicimus.

547 1842 597 1903 11.
634 1839 687 1902 De
711 1861 833 1902 eausa.

245 1984 392 2047 Alteram
421 1991 546 2067 partem
575 1981 813 2064 quaestionum,
851 2002 933 2063 quae
968 1981 1002 2043 in
1031 1981 1126 2044 certis
1150 2003 1220 2065 per·

154 2091 242 2156 sonis
278 2089 541 2174 temporibusque
576 2096 731 2169 versatur,
765 2083 879 2151 Cicero
915 2087 948 2148 in
983 2086 1218 2152 Partitionibus

155 2194 223 2277 (20,
241 2191 298 2275 69)
323 2195 411 2258 etin
435 2193 491 2258 lib.
517 2191 557 2256 de
580 2192 645 2256 inv.
671 2188 715 2275 (1,
733 2192 763 2275 5,
783 2188 816 2275 l)
844 2194 932 2256 etin
956 2193 1011 2257 lib.
1038 2193 1076 2257 de
1100 2219 1144 2259 or.
1171 2190 1216 2279 (2,

159 2304 210 2383 15,
229 2303 271 2366 65
289 2297 364 2382 cet.)
393 2310 425 2365 et
451 2301 485 2364 in
510 2299 640 2385 Topicis
668 2296 735 2382 (24,
754 2295 811 2382 91)
839 2300 873 2363 in
900 2300 963 2363 tria
991 2300 1139 2386 dispertit
1167 2326 1219 2387 ge·

157 2430 236 2471 nera
275 2429 455 2488 causarum,
496 2406 712 2489 laudativum,
755 2405 1018 2490 deliberativum,
1058 2408 1219 2475 iudiciale.

118 2597 121 2603 ι
156 2513 206 2577 Ea
229 2523 335 2578 autem
359 2514 544 2578 distributio
569 2537 652 2577 nova
675 2524 732 2596 est,
759 2537 822 2599 qua
837 2515 976 2600 primum
993 2538 1034 2580 ex
1048 2516 1100 2582 his
1116 2518 1220 2583 tribus

155 2621 337 2705 generibus,
352 2644 448 2706 quam
461 2621 701 2686 exornationem
715 2631 817 2704 vocat,
836 2623 869 2685 in
883 2622 1082 2705 delectand0,
1096 2624 1221 2709 reliqua

155 2728 218 2792 duo
252 2729 286 2792 in
321 2729 506 2813 obtinendo,
543 2728 718 2815 probando,
757 2729 925 2793 efficiendo
955 2731 1046 2815 ponit
1069 2727 1135 2813 (20,
1161 2732 1218 2814 69,

156 2838 185 2918 3,
212 2831 277 2918 10).

241 2942 475 3025 LaudationeS,
506 2965 589 3028 quae
617 2943 757 3028 primum
781 2943 902 3006 habent
924 2943 959 3005 in
984 2941 1218 3008 Partitionibus

152 3050 268 3131 locum,
294 3060 326 3114 et
348 3052 548 3135 perbreviter
571 3052 605 3113 in
628 3050 684 3114 lib.
704 3049 742 3114 de
759 3050 824 3113 inv.
850 3046 894 3132 (1,
912 3050 941 3130 5,
962 3050 994 3131 73
1020 3050 1049 3129 2,
1068 3050 1120 3133 59,
1140 3046 1218 3132 177)

152 3166 330 3220 tractantur
353 3159 441 3221 etin
464 3157 521 3222 lib.
545 3156 583 3221 de
607 3179 662 3239 or.,
689 3178 885 3240 quamquam
909 3156 1139 3240 utaliquando
1163 3159 1218 3222 ad·

151 3262 312 3327 bibendae
347 3264 548 3350 explicantur
582 3259 636 3348 (de
671 3285 716 3327 or.
753 3264 783 3346 2,
813 3263 865 3345 84,
896 3264 956 3328 341
976 3258 1071 3348 sqq),
1108 3274 1217 3329 tamen

151 3371 245 3434 initio
275 3378 310 3432 ut
336 3370 443 3434 minus
472 3371 674 3434 necessariae
702 3393 804 3456 paene
834 3393 853 3434 a
880 3372 1060 3456 praeceptis
1089 3371 1217 3435 dicendi

153 3475 361 3542 secluduntur
384 3471 575 3558 (2,10,43;
605 3476 644 3541 cf.
662 3477 682 3553 ξ
699 3472 793 3560 341),
830 3477 972 3562 itemque
1006 3479 1040 3540 in
1069 3475 1215 3558 Oratore,

152 3584 214 3648 etsi
239 3605 311 3646 cum
334 3582 480 3667 partibus
504 3582 678 3666 fungantur
701 3584 835 3647 nutricis
860 3586 992 3648 minime
1021 3607 1075 3648 eas
1100 3581 1215 3649 Cicero

127 3689 413 3772 contemnendas,
438 3700 547 3752 tamen
570 3712 590 3752 a
612 3689 681 3753 foro
706 3686 830 3753 alienas
853 3692 1064 3776 propriasque
1081 3713 1214 3775 gymna-

151 3799 272 3864 siorum
308 3806 340 3861 et
373 3796 553 3882 palaestrae
590 3818 661 3860 esse
696 3796 858 3879 signifieat
892 3794 958 3881 (11,
982 3800 1038 3878 373
1077 3800 1129 3879 13,
1146 3794 1214 3880 42).

150 3909 197 3972 At
230 3904 305 3969 huie
340 3904 451 3988 generi
485 3903 519 3967 in
544 3902 674 3988 Topicis
702 3898 769 3986 (24,
787 3904 828 3967 91
847 3900 933 3988 sqq.)
966 3904 1091 3989 reliqua
1125 3907 1214 3971 nullo

149 4013 244 4079 modo
268 4012 436 4099 anteponit
459 4020 620 4097 negatque
644 4011 806 4096 expressis
835 4013 943 4078 verbis
971 4013 1005 4076 in
1028 4011 1213 4078 Partitioni-

204 4119 233 4160 11.
1037 4116 1055 4169 4
