<?xml version="1.0" encoding="UTF-8"?>
<!DOCTYPE html PUBLIC "-//W3C//DTD XHTML 1.0 Transitional//EN"
    "http://www.w3.org/TR/xhtml1/DTD/xhtml1-transitional.dtd">
<html xmlns="http://www.w3.org/1999/xhtml" xml:lang="en" lang="en">
 <head>
  <title>
</title>
<meta http-equiv="Content-Type" content="text/html;charset=utf-8" />
  <meta name='ocr-system' content='tesseract 3.04.00' />
  <meta name='ocr-capabilities' content='ocr_page ocr_carea ocr_par ocr_line ocrx_word'/>
</head>
<body>
  <div class='ocr_page' id='page_1' title='image "./deciceronispart00mercgoog_0091.png"; bbox 0 0 2746 4560; ppageno 0'>
   <div class='ocr_carea' id='block_1_1' title="bbox 677 224 720 288">
    <p class='ocr_par' dir='ltr' id='par_1_1' title="bbox 677 224 720 288">
     <span class='ocr_line' id='line_1_1' title="bbox 677 224 720 288; baseline -0.023 0"><span class='ocrx_word' id='word_1_1' title='bbox 677 224 720 288; x_wconf 80' lang='lat'><strong>84</strong></span> 
     </span>
    </p>
   </div>
   <div class='ocr_carea' id='block_1_2' title="bbox 158 396 1234 3814">
    <p class='ocr_par' dir='ltr' id='par_1_2' title="bbox 158 396 1232 1003">
     <span class='ocr_line' id='line_1_2' title="bbox 158 396 1232 487; baseline -0.001 -22"><span class='ocrx_word' id='word_1_2' title='bbox 158 400 305 466; x_wconf 87' lang='lat' dir='ltr'><strong>retulerit</strong></span> <span class='ocrx_word' id='word_1_3' title='bbox 327 396 381 485; x_wconf 90' lang='lat' dir='ltr'><strong>(cf.</strong></span> <span class='ocrx_word' id='word_1_4' title='bbox 408 400 447 465; x_wconf 90' lang='lat' dir='ltr'><strong>de</strong></span> <span class='ocrx_word' id='word_1_5' title='bbox 471 400 535 466; x_wconf 86' lang='lat' dir='ltr'><strong>div.</strong></span> <span class='ocrx_word' id='word_1_6' title='bbox 562 403 591 484; x_wconf 78' lang='lat'><strong>2,</strong></span> <span class='ocrx_word' id='word_1_7' title='bbox 616 403 644 485; x_wconf 98' lang='grc'><strong>1,</strong></span> <span class='ocrx_word' id='word_1_8' title='bbox 669 396 718 484; x_wconf 84' lang='grc'><strong>4),</strong></span> <span class='ocrx_word' id='word_1_9' title='bbox 745 401 773 465; x_wconf 88' lang='lat' dir='ltr'><strong>si</strong></span> <span class='ocrx_word' id='word_1_10' title='bbox 797 401 961 485; x_wconf 80' lang='lat' dir='ltr'><strong>vulgatam</strong></span> <span class='ocrx_word' id='word_1_11' title='bbox 985 401 1173 487; x_wconf 86' lang='lat' dir='ltr'><strong>opinionem</strong></span> <span class='ocrx_word' id='word_1_12' title='bbox 1189 399 1232 464; x_wconf 89' lang='lat' dir='ltr'><strong>de</strong></span> 
     </span>
     <span class='ocr_line' id='line_1_3' title="bbox 159 507 1232 594; baseline -0.001 -21"><span class='ocrx_word' id='word_1_13' title='bbox 159 519 301 594; x_wconf 90' lang='lat' dir='ltr'><strong>tempore</strong></span> <span class='ocrx_word' id='word_1_14' title='bbox 337 507 500 573; x_wconf 89' lang='lat' dir='ltr'><strong>scribendi</strong></span> <span class='ocrx_word' id='word_1_15' title='bbox 535 508 688 594; x_wconf 76' lang='lat' dir='ltr'><strong>sequariS,</strong></span> <span class='ocrx_word' id='word_1_16' title='bbox 725 532 791 573; x_wconf 92' lang='lat' dir='ltr'><strong>non</strong></span> <span class='ocrx_word' id='word_1_17' title='bbox 817 507 913 572; x_wconf 84' lang='lat' dir='ltr'><strong>facile</strong></span> <span class='ocrx_word' id='word_1_18' title='bbox 943 508 1106 594; x_wconf 78' lang='lat' dir='ltr'><strong>dispicias</strong></span> <span class='ocrx_word' id='word_1_19' title='bbox 1153 508 1232 572; x_wconf 91' lang='lat' dir='ltr'><strong>Non</strong></span> 
     </span>
     <span class='ocr_line' id='line_1_4' title="bbox 162 615 1232 681; baseline -0.001 0"><span class='ocrx_word' id='word_1_20' title='bbox 162 618 250 681; x_wconf 89' lang='lat' dir='ltr'><strong>enim</strong></span> <span class='ocrx_word' id='word_1_21' title='bbox 285 616 353 681; x_wconf 86' lang='lat' dir='ltr'><strong>veri</strong></span> <span class='ocrx_word' id='word_1_22' title='bbox 390 616 494 680; x_wconf 88' lang='lat' dir='ltr'><strong>simile</strong></span> <span class='ocrx_word' id='word_1_23' title='bbox 531 627 580 680; x_wconf 91' lang='lat' dir='ltr'><strong>est</strong></span> <span class='ocrx_word' id='word_1_24' title='bbox 615 640 688 680; x_wconf 92' lang='lat' dir='ltr'><strong>eum</strong></span> <span class='ocrx_word' id='word_1_25' title='bbox 715 615 748 680; x_wconf 94' lang='lat' dir='ltr'><strong>in</strong></span> <span class='ocrx_word' id='word_1_26' title='bbox 774 615 835 680; x_wconf 89' lang='lat' dir='ltr'><strong>hac</strong></span> <span class='ocrx_word' id='word_1_27' title='bbox 859 616 1100 680; x_wconf 82' lang='lat' dir='ltr'><strong>enumeratione</strong></span> <span class='ocrx_word' id='word_1_28' title='bbox 1123 615 1232 680; x_wconf 89' lang='lat' dir='ltr'><strong>Parti·</strong></span> 
     </span>
     <span class='ocr_line' id='line_1_5' title="bbox 159 723 1230 809; baseline 0.001 -22"><span class='ocrx_word' id='word_1_29' title='bbox 159 724 264 788; x_wconf 86' lang='lat' dir='ltr'><strong>tiones</strong></span> <span class='ocrx_word' id='word_1_30' title='bbox 288 731 378 786; x_wconf 91' lang='lat' dir='ltr'><strong>tanta</strong></span> <span class='ocrx_word' id='word_1_31' title='bbox 403 744 475 787; x_wconf 88' lang='lat' dir='ltr'><strong>eum</strong></span> <span class='ocrx_word' id='word_1_32' title='bbox 499 745 575 787; x_wconf 92' lang='lat' dir='ltr'><strong>cura</strong></span> <span class='ocrx_word' id='word_1_33' title='bbox 600 724 789 806; x_wconf 75' lang='lat' dir='ltr'><strong>elaboratae,</strong></span> <span class='ocrx_word' id='word_1_34' title='bbox 815 724 843 787; x_wconf 93' lang='lat' dir='ltr'><strong>si</strong></span> <span class='ocrx_word' id='word_1_35' title='bbox 860 723 923 787; x_wconf 89' lang='lat' dir='ltr'><strong>iarn</strong></span> <span class='ocrx_word' id='word_1_36' title='bbox 941 723 1104 806; x_wconf 86' lang='lat' dir='ltr'><strong>edidisset,</strong></span> <span class='ocrx_word' id='word_1_37' title='bbox 1127 746 1230 809; x_wconf 90' lang='lat' dir='ltr'><strong>aeque</strong></span> 
     </span>
     <span class='ocr_line' id='line_1_6' title="bbox 160 829 1231 916; baseline 0.001 -22"><span class='ocrx_word' id='word_1_38' title='bbox 160 852 198 894; x_wconf 89' lang='lat' dir='ltr'><strong>ac</strong></span> <span class='ocrx_word' id='word_1_39' title='bbox 220 829 321 894; x_wconf 91' lang='lat' dir='ltr'><strong>libros</strong></span> <span class='ocrx_word' id='word_1_40' title='bbox 346 830 385 893; x_wconf 91' lang='lat' dir='ltr'><strong>de</strong></span> <span class='ocrx_word' id='word_1_41' title='bbox 408 830 595 895; x_wconf 87' lang='lat' dir='ltr'><strong>inventione</strong></span> <span class='ocrx_word' id='word_1_42' title='bbox 618 855 637 895; x_wconf 89' lang='lat' dir='ltr'><strong>a</strong></span> <span class='ocrx_word' id='word_1_43' title='bbox 661 854 694 896; x_wconf 91' lang='lat' dir='ltr'><strong>se</strong></span> <span class='ocrx_word' id='word_1_44' title='bbox 718 832 788 916; x_wconf 90' lang='lat' dir='ltr'><strong>ipso</strong></span> <span class='ocrx_word' id='word_1_45' title='bbox 811 831 1009 916; x_wconf 90' lang='lat' dir='ltr'><strong>improbatos</strong></span> <span class='ocrx_word' id='word_1_46' title='bbox 1025 830 1231 916; x_wconf 88' lang='lat' dir='ltr'><strong>praetermis-</strong></span> 
     </span>
     <span class='ocr_line' id='line_1_7' title="bbox 161 937 404 1003; baseline -0.004 0"><span class='ocrx_word' id='word_1_47' title='bbox 161 961 272 1003; x_wconf 91' lang='lat' dir='ltr'><strong>surum</strong></span> <span class='ocrx_word' id='word_1_48' title='bbox 293 937 404 1002; x_wconf 85' lang='lat' dir='ltr'><strong>fuisse.</strong></span> 
     </span>
    </p>

    <p class='ocr_par' dir='ltr' id='par_1_3' title="bbox 160 1043 1234 3062">
     <span class='ocr_line' id='line_1_8' title="bbox 249 1043 1232 1130; baseline 0 -22"><span class='ocrx_word' id='word_1_49' title='bbox 249 1044 387 1109; x_wconf 89' lang='lat' dir='ltr'><strong>Restant</strong></span> <span class='ocrx_word' id='word_1_50' title='bbox 411 1045 482 1109; x_wconf 90' lang='lat' dir='ltr'><strong>loca</strong></span> <span class='ocrx_word' id='word_1_51' title='bbox 506 1043 718 1127; x_wconf 87' lang='lat' dir='ltr'><strong>Quintiliana,</strong></span> <span class='ocrx_word' id='word_1_52' title='bbox 755 1045 871 1130; x_wconf 86' lang='lat' dir='ltr'><strong>quibus</strong></span> <span class='ocrx_word' id='word_1_53' title='bbox 896 1043 1071 1109; x_wconf 91' lang='lat' dir='ltr'><strong>Pideritius</strong></span> <span class='ocrx_word' id='word_1_54' title='bbox 1101 1054 1232 1109; x_wconf 89' lang='lat' dir='ltr'><strong>senten-</strong></span> 
     </span>
     <span class='ocr_line' id='line_1_9' title="bbox 160 1151 1231 1234; baseline 0.001 -19"><span class='ocrx_word' id='word_1_55' title='bbox 160 1152 239 1216; x_wconf 88' lang='lat' dir='ltr'><strong>tiam</strong></span> <span class='ocrx_word' id='word_1_56' title='bbox 278 1175 369 1216; x_wconf 88' lang='lat' dir='ltr'><strong>suam</strong></span> <span class='ocrx_word' id='word_1_57' title='bbox 407 1154 566 1234; x_wconf 88' lang='lat' dir='ltr'><strong>tuebatur,</strong></span> <span class='ocrx_word' id='word_1_58' title='bbox 606 1152 804 1216; x_wconf 86' lang='lat' dir='ltr'><strong>Partitiones</strong></span> <span class='ocrx_word' id='word_1_59' title='bbox 839 1174 923 1216; x_wconf 92' lang='lat' dir='ltr'><strong>anno</strong></span> <span class='ocrx_word' id='word_1_60' title='bbox 958 1151 1047 1216; x_wconf 89' lang='lat' dir='ltr'><strong>urbis</strong></span> <span class='ocrx_word' id='word_1_61' title='bbox 1080 1151 1231 1216; x_wconf 89' lang='lat' dir='ltr'><strong>conditae</strong></span> 
     </span>
     <span class='ocr_line' id='line_1_10' title="bbox 161 1257 1231 1345; baseline 0.001 -21"><span class='ocrx_word' id='word_1_62' title='bbox 161 1259 448 1344; x_wconf 88' lang='lat' dir='ltr'><strong>septingentesimo</strong></span> <span class='ocrx_word' id='word_1_63' title='bbox 483 1271 595 1324; x_wconf 89' lang='lat' dir='ltr'><strong>octavo</strong></span> <span class='ocrx_word' id='word_1_64' title='bbox 636 1282 706 1324; x_wconf 89' lang='lat' dir='ltr'><strong>esse</strong></span> <span class='ocrx_word' id='word_1_65' title='bbox 746 1261 955 1345; x_wconf 87' lang='lat' dir='ltr'><strong>conscriptas.</strong></span> <span class='ocrx_word' id='word_1_66' title='bbox 1007 1257 1231 1339; x_wconf 75' lang='lat' dir='ltr'><strong>Quintilianus</strong></span> 
     </span>
     <span class='ocr_line' id='line_1_11' title="bbox 160 1365 1230 1455; baseline 0.001 -23"><span class='ocrx_word' id='word_1_67' title='bbox 160 1369 259 1452; x_wconf 84' lang='lat' dir='ltr'><strong>igitur</strong></span> <span class='ocrx_word' id='word_1_68' title='bbox 296 1368 394 1432; x_wconf 88' lang='lat' dir='ltr'><strong>allato</strong></span> <span class='ocrx_word' id='word_1_69' title='bbox 417 1380 588 1455; x_wconf 89' lang='lat' dir='ltr'><strong>praecepto</strong></span> <span class='ocrx_word' id='word_1_70' title='bbox 619 1369 757 1454; x_wconf 90' lang='lat' dir='ltr'><strong>quodam</strong></span> <span class='ocrx_word' id='word_1_71' title='bbox 786 1392 827 1432; x_wconf 86' lang='lat' dir='ltr'><strong>ex</strong></span> <span class='ocrx_word' id='word_1_72' title='bbox 849 1367 1034 1433; x_wconf 84' lang='lat' dir='ltr'><strong>Rhetoricis</strong></span> <span class='ocrx_word' id='word_1_73' title='bbox 1059 1365 1230 1434; x_wconf 77' lang='lat' dir='ltr'><strong>Ciceronis</strong></span> 
     </span>
     <span class='ocr_line' id='line_1_12' title="bbox 161 1474 1231 1561; baseline 0 -21"><span class='ocrx_word' id='word_1_74' title='bbox 161 1498 262 1561; x_wconf 89' lang='lat' dir='ltr'><strong>eoque</strong></span> <span class='ocrx_word' id='word_1_75' title='bbox 288 1475 439 1539; x_wconf 90' lang='lat' dir='ltr'><strong>damnato</strong></span> <span class='ocrx_word' id='word_1_76' title='bbox 464 1476 574 1540; x_wconf 87' lang='lat' dir='ltr'><strong>laudat</strong></span> <span class='ocrx_word' id='word_1_77' title='bbox 597 1476 682 1561; x_wconf 93' lang='lat' dir='ltr'><strong>quod</strong></span> <span class='ocrx_word' id='word_1_78' title='bbox 706 1487 738 1541; x_wconf 91' lang='lat' dir='ltr'><strong>et</strong></span> <span class='ocrx_word' id='word_1_79' title='bbox 761 1477 795 1540; x_wconf 92' lang='lat' dir='ltr'><strong>in</strong></span> <span class='ocrx_word' id='word_1_80' title='bbox 817 1475 1051 1540; x_wconf 90' lang='lat' dir='ltr'><strong>Partitionibus</strong></span> <span class='ocrx_word' id='word_1_81' title='bbox 1069 1474 1231 1540; x_wconf 88' lang='lat' dir='ltr'><strong>Oratoriis</strong></span> 
     </span>
     <span class='ocr_line' id='line_1_13' title="bbox 161 1579 1232 1669; baseline 0.001 -24"><span class='ocrx_word' id='word_1_82' title='bbox 161 1591 193 1646; x_wconf 93' lang='lat' dir='ltr'><strong>et</strong></span> <span class='ocrx_word' id='word_1_83' title='bbox 216 1583 251 1646; x_wconf 92' lang='lat' dir='ltr'><strong>in</strong></span> <span class='ocrx_word' id='word_1_84' title='bbox 275 1581 410 1646; x_wconf 85' lang='lat' dir='ltr'><strong>Oratore</strong></span> <span class='ocrx_word' id='word_1_85' title='bbox 434 1583 630 1669; x_wconf 88' lang='lat' dir='ltr'><strong>praecipitur</strong></span> <span class='ocrx_word' id='word_1_86' title='bbox 659 1584 890 1669; x_wconf 85' lang='lat' dir='ltr'><strong>certioremque</strong></span> <span class='ocrx_word' id='word_1_87' title='bbox 919 1583 1112 1648; x_wconf 87' lang='lat' dir='ltr'><strong>sententiam</strong></span> <span class='ocrx_word' id='word_1_88' title='bbox 1137 1579 1232 1648; x_wconf 78' lang='lat' dir='ltr'><strong>(lice-</strong></span> 
     </span>
     <span class='ocr_line' id='line_1_14' title="bbox 160 1689 1232 1775; baseline 0.001 -23"><span class='ocrx_word' id='word_1_89' title='bbox 160 1689 249 1753; x_wconf 92' lang='lat' dir='ltr'><strong>ronis</strong></span> <span class='ocrx_word' id='word_1_90' title='bbox 284 1689 318 1751; x_wconf 93' lang='lat' dir='ltr'><strong>in</strong></span> <span class='ocrx_word' id='word_1_91' title='bbox 353 1689 404 1753; x_wconf 90' lang='lat' dir='ltr'><strong>his</strong></span> <span class='ocrx_word' id='word_1_92' title='bbox 440 1690 534 1754; x_wconf 92' lang='lat' dir='ltr'><strong>libris</strong></span> <span class='ocrx_word' id='word_1_93' title='bbox 564 1711 634 1754; x_wconf 89' lang='lat' dir='ltr'><strong>esse</strong></span> <span class='ocrx_word' id='word_1_94' title='bbox 664 1691 718 1774; x_wconf 89' lang='lat' dir='ltr'><strong>ait,</strong></span> <span class='ocrx_word' id='word_1_95' title='bbox 755 1691 873 1775; x_wconf 89' lang='lat' dir='ltr'><strong>quippe</strong></span> <span class='ocrx_word' id='word_1_96' title='bbox 903 1690 958 1775; x_wconf 90' lang='lat' dir='ltr'><strong>qui</strong></span> <span class='ocrx_word' id='word_1_97' title='bbox 982 1699 1095 1774; x_wconf 89' lang='lat' dir='ltr'><strong>postea</strong></span> <span class='ocrx_word' id='word_1_98' title='bbox 1117 1689 1232 1774; x_wconf 88' lang='lat' dir='ltr'><strong>scripti</strong></span> 
     </span>
     <span class='ocr_line' id='line_1_15' title="bbox 162 1791 1232 1883; baseline -0.001 -22"><span class='ocrx_word' id='word_1_99' title='bbox 162 1796 228 1861; x_wconf 88' lang='lat' dir='ltr'><strong>sint</strong></span> <span class='ocrx_word' id='word_1_100' title='bbox 251 1792 304 1878; x_wconf 86' lang='lat' dir='ltr'><strong>(cf.</strong></span> <span class='ocrx_word' id='word_1_101' title='bbox 330 1794 442 1875; x_wconf 91' lang='lat' dir='ltr'><strong>Quint.</strong></span> <span class='ocrx_word' id='word_1_102' title='bbox 468 1798 497 1879; x_wconf 91' lang='lat'><strong>3,</strong></span> <span class='ocrx_word' id='word_1_103' title='bbox 524 1798 553 1880; x_wconf 89' lang='grc'><strong>3,</strong></span> <span class='ocrx_word' id='word_1_104' title='bbox 580 1800 701 1883; x_wconf 81' lang='lat' dir='ltr'><strong>bsqq.3</strong></span> <span class='ocrx_word' id='word_1_105' title='bbox 726 1796 797 1861; x_wconf 92' lang='lat' dir='ltr'><strong>Pid.</strong></span> <span class='ocrx_word' id='word_1_106' title='bbox 823 1797 863 1860; x_wconf 91' lang='lat' dir='ltr'><strong>ed</strong></span> <span class='ocrx_word' id='word_1_107' title='bbox 885 1796 1027 1882; x_wconf 84' lang='lat' dir='ltr'><strong>prolegg.</strong></span> <span class='ocrx_word' id='word_1_108' title='bbox 1053 1792 1133 1878; x_wconf 64' lang='lat' dir='ltr'><strong>§Sl</strong></span> <span class='ocrx_word' id='word_1_109' title='bbox 1164 1791 1232 1861; x_wconf 86' lang='lat' dir='ltr'><strong>Sed</strong></span> 
     </span>
     <span class='ocr_line' id='line_1_16' title="bbox 160 1900 1232 1989; baseline 0.001 -22"><span class='ocrx_word' id='word_1_110' title='bbox 160 1900 241 1967; x_wconf 89' lang='lat' dir='ltr'><strong>haec</strong></span> <span class='ocrx_word' id='word_1_111' title='bbox 264 1904 318 1989; x_wconf 87' lang='lat' dir='ltr'><strong>qui</strong></span> <span class='ocrx_word' id='word_1_112' title='bbox 342 1913 478 1989; x_wconf 88' lang='lat' dir='ltr'><strong>possunt</strong></span> <span class='ocrx_word' id='word_1_113' title='bbox 501 1904 686 1968; x_wconf 90' lang='lat' dir='ltr'><strong>testimonio</strong></span> <span class='ocrx_word' id='word_1_114' title='bbox 711 1927 782 1969; x_wconf 90' lang='lat' dir='ltr'><strong>esse</strong></span> <span class='ocrx_word' id='word_1_115' title='bbox 798 1900 1036 1982; x_wconf 81' lang='lat' dir='ltr'><strong>Quintilianum</strong></span> <span class='ocrx_word' id='word_1_116' title='bbox 1060 1913 1232 1989; x_wconf 88' lang='lat' dir='ltr'><strong>utrumque</strong></span> 
     </span>
     <span class='ocr_line' id='line_1_17' title="bbox 162 2010 1234 2097; baseline 0.001 -23"><span class='ocrx_word' id='word_1_117' title='bbox 162 2033 242 2096; x_wconf 88' lang='lat' dir='ltr'><strong>opus</strong></span> <span class='ocrx_word' id='word_1_118' title='bbox 276 2010 415 2075; x_wconf 85' lang='lat' dir='ltr'><strong>fructum</strong></span> <span class='ocrx_word' id='word_1_119' title='bbox 454 2013 547 2075; x_wconf 89' lang='lat' dir='ltr'><strong>unius</strong></span> <span class='ocrx_word' id='word_1_120' title='bbox 584 2011 790 2096; x_wconf 90' lang='lat' dir='ltr'><strong>eiusdemque</strong></span> <span class='ocrx_word' id='word_1_121' title='bbox 822 2011 900 2075; x_wconf 90' lang='lat' dir='ltr'><strong>anni</strong></span> <span class='ocrx_word' id='word_1_122' title='bbox 930 2012 1115 2097; x_wconf 79' lang='lat' dir='ltr'><strong>putavisse?</strong></span> <span class='ocrx_word' id='word_1_123' title='bbox 1161 2012 1234 2075; x_wconf 90' lang='lat' dir='ltr'><strong>Aut</strong></span> 
     </span>
     <span class='ocr_line' id='line_1_18' title="bbox 162 2118 1232 2203; baseline 0.002 -22"><span class='ocrx_word' id='word_1_124' title='bbox 162 2141 226 2203; x_wconf 89' lang='lat' dir='ltr'><strong>qua</strong></span> <span class='ocrx_word' id='word_1_125' title='bbox 248 2119 373 2182; x_wconf 87' lang='lat' dir='ltr'><strong>ratione</strong></span> <span class='ocrx_word' id='word_1_126' title='bbox 396 2118 483 2182; x_wconf 89' lang='lat' dir='ltr'><strong>idem</strong></span> <span class='ocrx_word' id='word_1_127' title='bbox 506 2118 582 2183; x_wconf 88' lang='lat' dir='ltr'><strong>inde</strong></span> <span class='ocrx_word' id='word_1_128' title='bbox 606 2119 743 2182; x_wconf 84' lang='lat' dir='ltr'><strong>efficitur</strong></span> <span class='ocrx_word' id='word_1_129' title='bbox 767 2118 852 2203; x_wconf 88' lang='lat' dir='ltr'><strong>quod</strong></span> <span class='ocrx_word' id='word_1_130' title='bbox 875 2118 1039 2183; x_wconf 90' lang='lat' dir='ltr'><strong>nonnullis</strong></span> <span class='ocrx_word' id='word_1_131' title='bbox 1059 2119 1139 2183; x_wconf 93' lang='lat' dir='ltr'><strong>locis</strong></span> <span class='ocrx_word' id='word_1_132' title='bbox 1155 2118 1232 2203; x_wconf 91' lang='lat' dir='ltr'><strong>plus</strong></span> 
     </span>
     <span class='ocr_line' id='line_1_19' title="bbox 162 2222 1232 2311; baseline 0.003 -24"><span class='ocrx_word' id='word_1_133' title='bbox 162 2225 302 2288; x_wconf 89' lang='lat' dir='ltr'><strong>tribuere</strong></span> <span class='ocrx_word' id='word_1_134' title='bbox 338 2225 537 2290; x_wconf 90' lang='lat' dir='ltr'><strong>auctoritatis</strong></span> <span class='ocrx_word' id='word_1_135' title='bbox 572 2225 805 2290; x_wconf 89' lang='lat' dir='ltr'><strong>Partitionibus</strong></span> <span class='ocrx_word' id='word_1_136' title='bbox 834 2249 931 2311; x_wconf 89' lang='lat' dir='ltr'><strong>quam</strong></span> <span class='ocrx_word' id='word_1_137' title='bbox 959 2226 1031 2290; x_wconf 90' lang='lat' dir='ltr'><strong>aliis</strong></span> <span class='ocrx_word' id='word_1_138' title='bbox 1061 2222 1232 2290; x_wconf 76' lang='lat' dir='ltr'><strong>Ciceronis</strong></span> 
     </span>
     <span class='ocr_line' id='line_1_20' title="bbox 160 2330 1231 2417; baseline 0.002 -22"><span class='ocrx_word' id='word_1_139' title='bbox 160 2332 254 2396; x_wconf 92' lang='lat' dir='ltr'><strong>libris</strong></span> <span class='ocrx_word' id='word_1_140' title='bbox 279 2332 406 2396; x_wconf 85' lang='lat' dir='ltr'><strong>videtur</strong></span> <span class='ocrx_word' id='word_1_141' title='bbox 429 2330 483 2417; x_wconf 86' lang='lat' dir='ltr'><strong>(cf.</strong></span> <span class='ocrx_word' id='word_1_142' title='bbox 508 2332 620 2413; x_wconf 82' lang='lat' dir='ltr'><strong>Quint.</strong></span> <span class='ocrx_word' id='word_1_143' title='bbox 647 2336 675 2417; x_wconf 88' lang='lat'><strong>3,</strong></span> <span class='ocrx_word' id='word_1_144' title='bbox 704 2336 753 2416; x_wconf 91' lang='grc'><strong>11,</strong></span> <span class='ocrx_word' id='word_1_145' title='bbox 782 2335 836 2415; x_wconf 79' lang='grc' dir='ltr'><strong>1ος</strong></span> <span class='ocrx_word' id='word_1_146' title='bbox 863 2335 893 2416; x_wconf 89' lang='grc'><strong>3,</strong></span> <span class='ocrx_word' id='word_1_147' title='bbox 920 2335 971 2416; x_wconf 91' lang='grc'><strong>11,</strong></span> <span class='ocrx_word' id='word_1_148' title='bbox 999 2333 1040 2398; x_wconf 85' lang='grc'><strong>18</strong></span> <span class='ocrx_word' id='word_1_149' title='bbox 1057 2341 1131 2413; x_wconf 86' lang='lat' dir='ltr'><strong>cet.;</strong></span> <span class='ocrx_word' id='word_1_150' title='bbox 1156 2331 1231 2397; x_wconf 87' lang='lat' dir='ltr'><strong>Pid.</strong></span> 
     </span>
     <span class='ocr_line' id='line_1_21' title="bbox 162 2434 1233 2525; baseline 0.001 -23"><span class='ocrx_word' id='word_1_151' title='bbox 162 2439 183 2503; x_wconf 90' lang='lat' dir='ltr'><strong>l.</strong></span> <span class='ocrx_word' id='word_1_152' title='bbox 201 2434 259 2519; x_wconf 83' lang='lat' dir='ltr'><strong>l.)?</strong></span> <span class='ocrx_word' id='word_1_153' title='bbox 304 2439 389 2502; x_wconf 89' lang='lat' dir='ltr'><strong>Nam</strong></span> <span class='ocrx_word' id='word_1_154' title='bbox 411 2463 452 2503; x_wconf 89' lang='lat' dir='ltr'><strong>ne</strong></span> <span class='ocrx_word' id='word_1_155' title='bbox 476 2439 598 2525; x_wconf 91' lang='lat' dir='ltr'><strong>Topica</strong></span> <span class='ocrx_word' id='word_1_156' title='bbox 621 2440 760 2525; x_wconf 90' lang='lat' dir='ltr'><strong>quidem,</strong></span> <span class='ocrx_word' id='word_1_157' title='bbox 797 2448 832 2504; x_wconf 93' lang='lat' dir='ltr'><strong>ut</strong></span> <span class='ocrx_word' id='word_1_158' title='bbox 863 2441 959 2504; x_wconf 90' lang='lat' dir='ltr'><strong>etiam</strong></span> <span class='ocrx_word' id='word_1_159' title='bbox 988 2439 1149 2504; x_wconf 89' lang='lat' dir='ltr'><strong>sentiebat</strong></span> <span class='ocrx_word' id='word_1_160' title='bbox 1177 2438 1233 2503; x_wconf 92' lang='lat' dir='ltr'><strong>Pi-</strong></span> 
     </span>
     <span class='ocr_line' id='line_1_22' title="bbox 164 2545 1233 2632; baseline 0.005 -24"><span class='ocrx_word' id='word_1_161' title='bbox 164 2545 307 2628; x_wconf 75' lang='lat' dir='ltr'><strong>deritiuS,</strong></span> <span class='ocrx_word' id='word_1_162' title='bbox 333 2547 524 2631; x_wconf 88' lang='lat' dir='ltr'><strong>excipienda</strong></span> <span class='ocrx_word' id='word_1_163' title='bbox 548 2549 604 2612; x_wconf 91' lang='lat' dir='ltr'><strong>sed</strong></span> <span class='ocrx_word' id='word_1_164' title='bbox 628 2549 663 2611; x_wconf 91' lang='lat' dir='ltr'><strong>in</strong></span> <span class='ocrx_word' id='word_1_165' title='bbox 686 2571 820 2612; x_wconf 89' lang='lat' dir='ltr'><strong>numero</strong></span> <span class='ocrx_word' id='word_1_166' title='bbox 843 2548 998 2612; x_wconf 91' lang='lat' dir='ltr'><strong>librorum</strong></span> <span class='ocrx_word' id='word_1_167' title='bbox 1019 2547 1135 2632; x_wconf 90' lang='lat' dir='ltr'><strong>quibus</strong></span> <span class='ocrx_word' id='word_1_168' title='bbox 1152 2546 1233 2613; x_wconf 89' lang='lat' dir='ltr'><strong>Par·</strong></span> 
     </span>
     <span class='ocr_line' id='line_1_23' title="bbox 162 2652 1233 2741; baseline 0.003 -25"><span class='ocrx_word' id='word_1_169' title='bbox 162 2653 293 2717; x_wconf 84' lang='lat' dir='ltr'><strong>titiones</strong></span> <span class='ocrx_word' id='word_1_170' title='bbox 328 2653 390 2717; x_wconf 87' lang='lat' dir='ltr'><strong>hoc</strong></span> <span class='ocrx_word' id='word_1_171' title='bbox 417 2654 511 2718; x_wconf 91' lang='lat' dir='ltr'><strong>modo</strong></span> <span class='ocrx_word' id='word_1_172' title='bbox 536 2679 555 2718; x_wconf 91' lang='lat' dir='ltr'><strong>a</strong></span> <span class='ocrx_word' id='word_1_173' title='bbox 578 2652 781 2734; x_wconf 89' lang='lat' dir='ltr'><strong>Quintiliano</strong></span> <span class='ocrx_word' id='word_1_174' title='bbox 810 2665 1048 2741; x_wconf 89' lang='lat' dir='ltr'><strong>anteponuntur</strong></span> <span class='ocrx_word' id='word_1_175' title='bbox 1080 2654 1233 2720; x_wconf 88' lang='lat' dir='ltr'><strong>habenda</strong></span> 
     </span>
     <span class='ocr_line' id='line_1_24' title="bbox 162 2756 1232 2847; baseline 0.003 -24"><span class='ocrx_word' id='word_1_176' title='bbox 162 2769 239 2824; x_wconf 88' lang='lat' dir='ltr'><strong>sunt</strong></span> <span class='ocrx_word' id='word_1_177' title='bbox 276 2757 330 2843; x_wconf 90' lang='lat' dir='ltr'><strong>(cf.</strong></span> <span class='ocrx_word' id='word_1_178' title='bbox 356 2759 467 2841; x_wconf 90' lang='lat' dir='ltr'><strong>Quint.</strong></span> <span class='ocrx_word' id='word_1_179' title='bbox 494 2763 522 2845; x_wconf 88' lang='lat'><strong>3,</strong></span> <span class='ocrx_word' id='word_1_180' title='bbox 550 2765 600 2845; x_wconf 90' lang='lat'><strong>11,</strong></span> <span class='ocrx_word' id='word_1_181' title='bbox 628 2756 692 2844; x_wconf 79' lang='lat'>18).</span> <span class='ocrx_word' id='word_1_182' title='bbox 739 2760 778 2825; x_wconf 89' lang='lat' dir='ltr'><strong>ld</strong></span> <span class='ocrx_word' id='word_1_183' title='bbox 817 2771 924 2826; x_wconf 88' lang='lat' dir='ltr'><strong>autem</strong></span> <span class='ocrx_word' id='word_1_184' title='bbox 952 2785 1031 2847; x_wconf 90' lang='lat' dir='ltr'><strong>opus</strong></span> <span class='ocrx_word' id='word_1_185' title='bbox 1061 2762 1232 2847; x_wconf 88' lang='lat' dir='ltr'><strong>probabile</strong></span> 
     </span>
     <span class='ocr_line' id='line_1_25' title="bbox 163 2866 1233 2955; baseline 0.004 -24"><span class='ocrx_word' id='word_1_186' title='bbox 163 2877 213 2931; x_wconf 90' lang='lat' dir='ltr'><strong>est</strong></span> <span class='ocrx_word' id='word_1_187' title='bbox 236 2866 474 2947; x_wconf 88' lang='lat' dir='ltr'><strong>Quintilianum</strong></span> <span class='ocrx_word' id='word_1_188' title='bbox 507 2870 721 2934; x_wconf 88' lang='lat' dir='ltr'><strong>novissimum</strong></span> <span class='ocrx_word' id='word_1_189' title='bbox 749 2869 880 2934; x_wconf 86' lang='lat' dir='ltr'><strong>duxisse</strong></span> <span class='ocrx_word' id='word_1_190' title='bbox 908 2870 942 2932; x_wconf 94' lang='lat' dir='ltr'><strong>in</strong></span> <span class='ocrx_word' id='word_1_191' title='bbox 966 2892 1028 2955; x_wconf 93' lang='lat' dir='ltr'><strong>quo</strong></span> <span class='ocrx_word' id='word_1_192' title='bbox 1057 2870 1233 2935; x_wconf 87' lang='lat' dir='ltr'><strong>accuratis·</strong></span> 
     </span>
     <span class='ocr_line' id='line_1_26' title="bbox 164 2975 513 3062; baseline 0.006 -23"><span class='ocrx_word' id='word_1_193' title='bbox 164 2975 244 3039; x_wconf 87' lang='lat' dir='ltr'><strong>sime</strong></span> <span class='ocrx_word' id='word_1_194' title='bbox 268 2977 513 3062; x_wconf 87' lang='lat' dir='ltr'><strong>praeciperetur.</strong></span> 
     </span>
    </p>

    <p class='ocr_par' dir='ltr' id='par_1_4' title="bbox 164 3080 1234 3814">
     <span class='ocr_line' id='line_1_27' title="bbox 254 3080 1232 3170; baseline 0.005 -25"><span class='ocrx_word' id='word_1_195' title='bbox 254 3080 349 3161; x_wconf 89' lang='lat' dir='ltr'><strong>Quod</strong></span> <span class='ocrx_word' id='word_1_196' title='bbox 373 3084 471 3167; x_wconf 82' lang='lat' dir='ltr'><strong>igitur</strong></span> <span class='ocrx_word' id='word_1_197' title='bbox 493 3085 586 3148; x_wconf 90' lang='lat' dir='ltr'><strong>initio</strong></span> <span class='ocrx_word' id='word_1_198' title='bbox 607 3084 821 3148; x_wconf 89' lang='lat' dir='ltr'><strong>Partitionum</strong></span> <span class='ocrx_word' id='word_1_199' title='bbox 845 3095 876 3148; x_wconf 91' lang='lat' dir='ltr'><strong>et</strong></span> <span class='ocrx_word' id='word_1_200' title='bbox 899 3087 962 3149; x_wconf 91' lang='lat' dir='ltr'><strong>fine</strong></span> <span class='ocrx_word' id='word_1_201' title='bbox 987 3085 1232 3170; x_wconf 89' lang='lat' dir='ltr'><strong>interpretando</strong></span> 
     </span>
     <span class='ocr_line' id='line_1_28' title="bbox 164 3187 1233 3277; baseline 0.006 -26"><span class='ocrx_word' id='word_1_202' title='bbox 164 3187 349 3252; x_wconf 89' lang='lat' dir='ltr'><strong>adumbrari</strong></span> <span class='ocrx_word' id='word_1_203' title='bbox 378 3191 485 3276; x_wconf 90' lang='lat' dir='ltr'><strong>aliqua</strong></span> <span class='ocrx_word' id='word_1_204' title='bbox 509 3215 549 3255; x_wconf 87' lang='lat' dir='ltr'><strong>ex</strong></span> <span class='ocrx_word' id='word_1_205' title='bbox 570 3201 660 3276; x_wconf 88' lang='lat' dir='ltr'><strong>parte</strong></span> <span class='ocrx_word' id='word_1_206' title='bbox 682 3202 808 3276; x_wconf 87' lang='lat' dir='ltr'><strong>poterat</strong></span> <span class='ocrx_word' id='word_1_207' title='bbox 828 3192 1072 3277; x_wconf 87' lang='lat' dir='ltr'><strong>praeceptisque</strong></span> <span class='ocrx_word' id='word_1_208' title='bbox 1101 3190 1233 3257; x_wconf 91' lang='lat' dir='ltr'><strong>dicendi</strong></span> 
     </span>
     <span class='ocr_line' id='line_1_29' title="bbox 164 3295 1233 3381; baseline 0.004 -22"><span class='ocrx_word' id='word_1_209' title='bbox 164 3295 245 3381; x_wconf 87' lang='lat' dir='ltr'><strong>ipsis</strong></span> <span class='ocrx_word' id='word_1_210' title='bbox 269 3296 408 3381; x_wconf 91' lang='lat' dir='ltr'><strong>plurium</strong></span> <span class='ocrx_word' id='word_1_211' title='bbox 444 3297 598 3362; x_wconf 91' lang='lat' dir='ltr'><strong>librorum</strong></span> <span class='ocrx_word' id='word_1_212' title='bbox 633 3299 717 3362; x_wconf 90' lang='lat' dir='ltr'><strong>inter</strong></span> <span class='ocrx_word' id='word_1_213' title='bbox 747 3321 781 3362; x_wconf 90' lang='lat' dir='ltr'><strong>se</strong></span> <span class='ocrx_word' id='word_1_214' title='bbox 818 3299 944 3363; x_wconf 83' lang='lat' dir='ltr'><strong>collatis</strong></span> <span class='ocrx_word' id='word_1_215' title='bbox 976 3298 1233 3363; x_wconf 89' lang='lat' dir='ltr'><strong>demonstratum</strong></span> 
     </span>
     <span class='ocr_line' id='line_1_30' title="bbox 165 3385 1233 3490; baseline 0.003 -22"><span class='ocrx_word' id='word_1_216' title='bbox 165 3404 344 3487; x_wconf 86' lang='lat' dir='ltr'><strong>videbatur,</strong></span> <span class='ocrx_word' id='word_1_217' title='bbox 369 3405 402 3468; x_wconf 92' lang='lat' dir='ltr'><strong>id</strong></span> <span class='ocrx_word' id='word_1_218' title='bbox 425 3406 550 3490; x_wconf 91' lang='lat' dir='ltr'><strong>reliqua</strong></span> <span class='ocrx_word' id='word_1_219' title='bbox 567 3385 693 3469; x_wconf 77' lang='lat' dir='ltr'><strong>&#39;indicia</strong></span> <span class='ocrx_word' id='word_1_220' title='bbox 717 3407 825 3470; x_wconf 88' lang='lat' dir='ltr'><strong>omnia</strong></span> <span class='ocrx_word' id='word_1_221' title='bbox 849 3408 1040 3470; x_wconf 87' lang='lat' dir='ltr'><strong>confirmant</strong></span> <span class='ocrx_word' id='word_1_222' title='bbox 1062 3427 1122 3469; x_wconf 91' lang='lat' dir='ltr'><strong>nec</strong></span> <span class='ocrx_word' id='word_1_223' title='bbox 1139 3405 1233 3471; x_wconf 92' lang='lat' dir='ltr'><strong>dubi·</strong></span> 
     </span>
     <span class='ocr_line' id='line_1_31' title="bbox 165 3513 1232 3599; baseline 0.003 -24"><span class='ocrx_word' id='word_1_224' title='bbox 165 3513 279 3576; x_wconf 87' lang='lat' dir='ltr'><strong>tationi</strong></span> <span class='ocrx_word' id='word_1_225' title='bbox 303 3513 410 3576; x_wconf 91' lang='lat' dir='ltr'><strong>locum</strong></span> <span class='ocrx_word' id='word_1_226' title='bbox 433 3513 618 3599; x_wconf 90' lang='lat' dir='ltr'><strong>relinquunt</strong></span> <span class='ocrx_word' id='word_1_227' title='bbox 634 3514 710 3598; x_wconf 90' lang='lat' dir='ltr'><strong>quin</strong></span> <span class='ocrx_word' id='word_1_228' title='bbox 728 3514 827 3578; x_wconf 89' lang='lat' dir='ltr'><strong>libros</strong></span> <span class='ocrx_word' id='word_1_229' title='bbox 845 3514 884 3578; x_wconf 92' lang='lat' dir='ltr'><strong>de</strong></span> <span class='ocrx_word' id='word_1_230' title='bbox 902 3513 1016 3577; x_wconf 83' lang='lat' dir='ltr'><strong>officiis</strong></span> <span class='ocrx_word' id='word_1_231' title='bbox 1034 3513 1232 3578; x_wconf 88' lang='lat' dir='ltr'><strong>Partitiones</strong></span> 
     </span>
     <span class='ocr_line' id='line_1_32' title="bbox 165 3616 1232 3707; baseline 0.002 -24"><span class='ocrx_word' id='word_1_232' title='bbox 165 3618 335 3684; x_wconf 88' lang='lat' dir='ltr'><strong>Oratoriae</strong></span> <span class='ocrx_word' id='word_1_233' title='bbox 359 3621 470 3685; x_wconf 89' lang='lat' dir='ltr'><strong>ordine</strong></span> <span class='ocrx_word' id='word_1_234' title='bbox 487 3631 666 3707; x_wconf 87' lang='lat' dir='ltr'><strong>temporum</strong></span> <span class='ocrx_word' id='word_1_235' title='bbox 685 3621 749 3686; x_wconf 93' lang='lat' dir='ltr'><strong>sint</strong></span> <span class='ocrx_word' id='word_1_236' title='bbox 767 3616 945 3702; x_wconf 81' lang='lat' dir='ltr'><strong>secutae¹⁸).</strong></span> <span class='ocrx_word' id='word_1_237' title='bbox 978 3617 1075 3699; x_wconf 92' lang='lat' dir='ltr'><strong>Quod</strong></span> <span class='ocrx_word' id='word_1_238' title='bbox 1098 3620 1232 3685; x_wconf 88' lang='lat' dir='ltr'><strong>sirecte</strong></span> 
     </span>
     <span class='ocr_line' id='line_1_33' title="bbox 166 3727 1234 3814; baseline 0.003 -24"><span class='ocrx_word' id='word_1_239' title='bbox 166 3727 324 3811; x_wconf 85' lang='lat' dir='ltr'><strong>statuitur,</strong></span> <span class='ocrx_word' id='word_1_240' title='bbox 350 3729 440 3792; x_wconf 87' lang='lat' dir='ltr'><strong>brevi</strong></span> <span class='ocrx_word' id='word_1_241' title='bbox 465 3728 595 3814; x_wconf 87' lang='lat' dir='ltr'><strong>quidem</strong></span> <span class='ocrx_word' id='word_1_242' title='bbox 618 3728 788 3792; x_wconf 88' lang='lat' dir='ltr'><strong>intervallo</strong></span> <span class='ocrx_word' id='word_1_243' title='bbox 813 3729 948 3791; x_wconf 88' lang='lat' dir='ltr'><strong>alterum</strong></span> <span class='ocrx_word' id='word_1_244' title='bbox 973 3729 1072 3792; x_wconf 91' lang='lat' dir='ltr'><strong>altero</strong></span> <span class='ocrx_word' id='word_1_245' title='bbox 1096 3751 1234 3793; x_wconf 88' lang='lat' dir='ltr'><strong>munere</strong></span> 
     </span>
    </p>
   </div>
   <div class='ocr_carea' id='block_1_3' title="bbox 165 3882 1236 4133">
    <p class='ocr_par' dir='ltr' id='par_1_5' title="bbox 165 3882 1236 4133">
     <span class='ocr_line' id='line_1_34' title="bbox 255 3882 1235 3951; baseline 0.001 -14"><span class='ocrx_word' id='word_1_246' title='bbox 255 3884 286 3951; x_wconf 78' lang='grc'><strong>18)</strong></span> <span class='ocrx_word' id='word_1_247' title='bbox 307 3884 392 3950; x_wconf 91' lang='lat' dir='ltr'><strong>Quem</strong></span> <span class='ocrx_word' id='word_1_248' title='bbox 418 3884 517 3938; x_wconf 89' lang='lat' dir='ltr'><strong>librum</strong></span> <span class='ocrx_word' id='word_1_249' title='bbox 541 3883 635 3938; x_wconf 81' lang='lat' dir='ltr'><strong>Cicero</strong></span> <span class='ocrx_word' id='word_1_250' title='bbox 664 3902 756 3938; x_wconf 89' lang='lat' dir='ltr'><strong>mense</strong></span> <span class='ocrx_word' id='word_1_251' title='bbox 779 3883 850 3938; x_wconf 90' lang='lat' dir='ltr'><strong>Nov.</strong></span> <span class='ocrx_word' id='word_1_252' title='bbox 864 3902 887 3938; x_wconf 89' lang='lat' dir='ltr'><strong>a.</strong></span> <span class='ocrx_word' id='word_1_253' title='bbox 905 3903 931 3938; x_wconf 89' lang='lat' dir='ltr'><strong>u.</strong></span> <span class='ocrx_word' id='word_1_254' title='bbox 949 3901 971 3938; x_wconf 92' lang='lat' dir='ltr'><strong>c.</strong></span> <span class='ocrx_word' id='word_1_255' title='bbox 986 3886 1037 3938; x_wconf 78' lang='lat'><strong>710</strong></span> <span class='ocrx_word' id='word_1_256' title='bbox 1056 3882 1092 3936; x_wconf 88' lang='lat' dir='ltr'><strong>ad</strong></span> <span class='ocrx_word' id='word_1_257' title='bbox 1110 3884 1235 3938; x_wconf 83' lang='lat' dir='ltr'><strong>Atticum</strong></span> 
     </span>
     <span class='ocr_line' id='line_1_35' title="bbox 165 3971 1236 4044; baseline 0.004 -21"><span class='ocrx_word' id='word_1_258' title='bbox 165 3971 304 4041; x_wconf 87' lang='lat' dir='ltr'><strong>scripserit</strong></span> <span class='ocrx_word' id='word_1_259' title='bbox 329 3973 373 4040; x_wconf 88' lang='lat' dir='ltr'><strong>(cf.</strong></span> <span class='ocrx_word' id='word_1_260' title='bbox 393 3972 428 4025; x_wconf 89' lang='lat' dir='ltr'><strong>ad</strong></span> <span class='ocrx_word' id='word_1_261' title='bbox 448 3973 657 4042; x_wconf 76' lang='lat' dir='ltr'><strong>Att.16‚11‚3)</strong></span> <span class='ocrx_word' id='word_1_262' title='bbox 687 3991 716 4026; x_wconf 89' lang='lat' dir='ltr'><strong>se</strong></span> <span class='ocrx_word' id='word_1_263' title='bbox 744 3972 940 4044; x_wconf 89' lang='lat' dir='ltr'><strong>perpoliturum</strong></span> <span class='ocrx_word' id='word_1_264' title='bbox 969 3979 995 4026; x_wconf 88' lang='lat' dir='ltr'><strong>et</strong></span> <span class='ocrx_word' id='word_1_265' title='bbox 1021 3972 1176 4042; x_wconf 90' lang='lat' dir='ltr'><strong>missurum,</strong></span> <span class='ocrx_word' id='word_1_266' title='bbox 1205 3975 1236 4027; x_wconf 91' lang='lat' dir='ltr'><strong>in</strong></span> 
     </span>
     <span class='ocr_line' id='line_1_36' title="bbox 165 4058 488 4133; baseline 0.012 -21"><span class='ocrx_word' id='word_1_267' title='bbox 165 4058 256 4113; x_wconf 91' lang='lat' dir='ltr'><strong>medio</strong></span> <span class='ocrx_word' id='word_1_268' title='bbox 275 4060 488 4133; x_wconf 86' lang='lat' dir='ltr'><strong>relinquendum.</strong></span> 
     </span>
    </p>
   </div>
   <div class='ocr_carea' id='block_1_4' title="bbox 0 0 1385 4560">
    <p class='ocr_par' dir='ltr' id='par_1_6' title="bbox 0 0 1385 4560">
     <span class='ocr_line' id='line_1_37' title="bbox 0 0 1385 4560; baseline 0 0"><span class='ocrx_word' id='word_1_269' title='bbox 0 0 1385 4560; x_wconf 95' lang='lat' dir='ltr'><strong> </strong></span> 
     </span>
    </p>
   </div>
  </div>
 </body>
</html>
