2746 4560
743 217 785 281 68

221 397 295 461 illas
324 418 438 461 causas
467 395 583 460 cadere
607 417 689 480 quae
713 418 732 459 a
757 404 843 460 statu
872 394 1015 479 generali
1038 394 1305 479 proficiscantur.

223 504 293 569 Nec
328 525 421 568 secus
446 498 561 567 Cicero
597 513 692 566 antea
722 511 900 567 censuerat.
948 501 1129 586 Distinguit
1153 501 1245 564 enim
1270 501 1307 564 in

221 612 279 676 lib.
308 609 347 674 de
371 610 438 674 inv.
463 609 575 695 scripti
599 610 836 675 controversias
854 610 894 674 ab
910 608 991 695 ipsis
1009 609 1306 674 constitutionibus

223 714 269 800 (1,
303 718 353 800 13,
389 718 446 800 173
475 719 504 800 2,
537 718 587 798 39,
616 717 678 782 115
704 713 799 797 extr.)
831 739 950 802 easque
974 717 1008 780 in
1032 716 1089 781 lib.
1116 715 1156 780 de
1182 738 1229 780 or.
1258 712 1304 799 (2,

224 826 276 907 26,
305 825 369 889 110
385 820 471 910 sqq.)
506 825 541 888 in
569 824 625 888 illo
654 847 771 909 genere
794 824 828 888 in
851 846 915 908 quo
940 824 1038 909 quale
1062 823 1140 909 quid
1167 823 1211 887 sit
1237 847 1305 888 am·

223 932 352 1016 bigatur
386 932 516 996 tractari
545 931 752 996 demonstrat.
800 928 866 996 Sed
895 931 993 996 velim
1025 929 1169 995 maxime
1197 939 1304 994 atten-

229 1039 323 1103 datur
353 1060 416 1123 quc
444 1049 537 1125 pacto
567 1038 652 1103 hanc
675 1061 742 1104 rem
765 1039 800 1102 in
824 1036 955 1123 Topicis
980 1037 1112 1102 inducat
1135 1032 1205 1121 (25,
1233 1033 1301 1120 95).

225 1146 315 1211 Dicit
352 1146 438 1210 enim
474 1155 600 1231 praeter
628 1168 683 1210 eos
712 1156 815 1211 status
846 1145 885 1210 de
914 1145 1031 1230 quibus
1061 1144 1302 1229 disputavimus

226 1253 308 1318 alios
333 1252 427 1338 quasi
452 1262 554 1317 status
579 1275 680 1317 novos
703 1253 738 1316 in
759 1252 989 1317 controversiis
1007 1251 1233 1337 disceptandis
1250 1276 1301 1317 ex·

228 1362 342 1425 sistere
379 1381 497 1444 eosque
532 1359 687 1445 appellari
721 1359 811 1424 iubet
840 1359 1002 1444 legitimas
1034 1358 1298 1444 disceptationes.

225 1469 274 1532 At
295 1468 329 1530 in
349 1466 583 1530 Partitionibus
608 1466 858 1550 disceptationes
879 1467 1120 1530 accuratissime
1137 1476 1171 1530 11
1187 1466 1300 1533 definit

228 1584 260 1637 et
282 1584 318 1637 ut
345 1573 579 1637 controversias
601 1597 620 1636 a
636 1574 774 1638 statibus
799 1596 879 1659 quos
903 1574 1129 1659 quaestionum
1145 1574 1220 1638 loco
1237 1597 1298 1638 non

232 1680 330 1746 habet
366 1680 528 1745 discernit.
574 1680 689 1766 Neque
723 1680 804 1745 haec
840 1681 902 1745 duo
938 1681 1105 1766 probabile
1141 1691 1192 1746 est
1229 1705 1298 1746 eum

230 1797 344 1873 postea
368 1786 562 1852 confundere
586 1789 739 1873 potuisse.
773 1785 856 1852 Sunt
880 1797 986 1852 autem
1003 1789 1296 1853 controversiarum

227 1917 310 1980 quae
337 1895 371 1959 in
401 1895 521 1980 scripto
550 1904 719 1959 versantur
747 1894 859 1959 eadem
888 1896 921 1958 in
945 1895 1181 1960 Partitionibus
1212 1896 1295 1960 etin

231 2002 361 2088 Topicis
398 2026 525 2087 genera.
577 2003 676 2068 Nasci
712 2003 799 2067 enim
834 2003 984 2067 dicuntur
1018 2026 1058 2066 ex
1086 2003 1295 2088 ambiguitate

228 2111 340 2196 scripti
373 2126 429 2174 aut
456 2133 496 2174 ex
525 2111 731 2175 contentione
761 2110 872 2195 scripti
902 2121 934 2174 et
966 2111 1146 2175 sententiae
1176 2120 1235 2175 aut
1260 2133 1296 2174 ex

230 2218 463 2282 contrariorum
488 2219 679 2303 scriptorum
705 2218 907 2283 conflictione
931 2213 975 2304 (p.
993 2241 1038 2282 or.
1057 2219 1109 2299 31,
1128 2218 1208 2300 1083
1235 2229 1295 2303 top.

234 2325 285 2408 25,
311 2320 378 2407 96).
415 2322 585 2389 Sublatam
608 2326 707 2409 igitur
729 2325 873 2389 videmus
898 2347 939 2389 ex
962 2325 1104 2410 quinque
1126 2326 1297 2410 generibus

237 2453 319 2515 quac
343 2442 418 2495 sunt
441 2433 475 2496 in
499 2433 555 2496 lib.
581 2432 620 2497 de
643 2433 710 2498 inv.
735 2433 882 2518 exposita
905 2430 950 2515 (1,
978 2429 1104 2514 13,17)
1127 2454 1231 2516 genus
1248 2431 1298 2496 de·

231 2538 391 2602 finitivum
420 2540 506 2623 quod
536 2540 721 2605 definitione
745 2551 777 2605 et
800 2564 901 2626 genus
925 2541 1189 2605 ratiocinativum
1214 2540 1299 2627 quod

224 2646 436 2709 contentione
466 2647 576 2732 scripti
605 2657 637 2711 et
666 2649 845 2712 sententiae
874 2649 1070 2731 continetur,
1105 2671 1168 2712 nec
1192 2659 1299 2713 tamon

230 2753 323 2816 utin
346 2752 402 2816 lib.
428 2752 467 2818 de
495 2776 540 2817 or.
565 2754 804 2818 multitudinem
828 2753 979 2840 'partium
1008 2756 1054 2820 ita
1082 2756 1239 2820 evitatam
1267 2767 1300 2820 ut

230 2849 263 2923 in
289 2860 450 2923 contraria
475 2870 620 2924 curratur
644 2883 819 2946 omnesque
844 2862 1043 2927 huiusmodi
1061 2864 1299 2928 controversiae

231 2967 264 3029 in
290 2990 354 3031 uno
378 2990 496 3051 genere
520 2969 671 3052 ambiguo
695 2978 855 3053 ponantur
879 2967 923 3053 (2,
949 2971 1001 3053 26,
1029 2965 1204 3055 110111).
1237 2968 1302 3035 Sed

234 3072 275 3136 ad
300 3086 477 3139 extremam
499 3077 736 3161 praeceptionis
760 3078 950 3161 particulam
972 3077 1222 3162 properandum.
1246 3128 1250 3133 .

318 3179 411 3244 Haec
433 3181 541 3265 igitur,
579 3194 613 3245 ut
647 3185 907 3265 monstravimus,
937 3185 972 3247 in
1000 3185 1204 3270 expositione
1231 3207 1299 3249 ver·

231 3286 309 3350 titur
332 3286 475 3351 locorum
500 3289 555 3372 qui
578 3290 613 3352 in
636 3312 753 3372 genere
778 3290 921 3354 iudiciali
946 3302 1105 3355 certarum
1130 3314 1302 3357 causarum

225 3394 352 3479 ,proprii
377 3404 451 3458 sunt
475 3391 740 3480 (31,109sqq.)3
766 3420 846 3482 quos
871 3421 943 3462 cum
965 3395 1080 3464 Cicero
1104 3400 1168 3463 nisi
1192 3401 1228 3464 in
1243 3401 1301 3466 lib.

232 3501 271 3565 de
294 3501 360 3565 inv.
386 3513 418 3565 et
440 3502 475 3565 in
494 3502 728 3567 Partitionibus
753 3528 818 3568 non
834 3506 1053 3591 explicaverit,
1079 3507 1303 3590 quaerendum

231 3610 276 3671 in
299 3608 360 3672 hac
387 3617 477 3694 parte
506 3610 755 3694 comparationis
783 3613 987 3696 potissimum
1015 3613 1076 3676 erit
1103 3635 1188 3697 quae
1211 3637 1303 3700 prae·

232 3724 325 3801 cepta
348 3738 388 3780 ex
411 3716 467 3780 lib.
493 3716 532 3780 de
560 3717 625 3781 inv.
649 3718 751 3803 petita
774 3719 808 3782 in
832 3718 1066 3784 Partitionibus
1100 3721 1305 3787 retineantur

232 3832 287 3885 aut
311 3823 351 3886 ab
376 3845 486 3887 eorum
509 3823 665 3889 librorum
689 3826 868 3911 praeceptis
905 3848 968 3910 qua
1001 3826 1125 3890 ratione
1156 3827 1304 3894 disceda-

225 3938 292 3993 tur.
341 3926 554 3995 Coniecturae
578 3931 677 4014 igitur
700 3933 806 4017 prima
828 3933 1000 4018 partitione
1022 3930 1137 3999 Cicero
1155 3937 1306 4002 membra

229 4048 361 4120 ¹separat
395 4038 610 4102 accusationis
647 4048 679 4102 et
708 4039 904 4104 defensionis
943 4036 1010 4123 (32,
1038 4042 1114 4122 11ος
1142 4041 1195 4124 35,
1224 4040 1305 4127 119)
