2746 4560
665 211 706 274 14

147 397 180 452 et
203 389 329 452 actione
355 389 506 473 disputat.
553 389 597 452 Et
612 389 645 451 in
661 387 763 451 Bruto
788 387 901 451 eodem
924 410 1057 452 numero
1073 387 1214 473 partium

149 505 293 581 spectato
318 493 433 560 Cicero
465 495 688 560 difficillimam
712 495 856 558 omnium
890 494 974 558 hanc
1010 495 1216 580 disciplinam

148 626 219 668 esse
244 603 394 686 ostendit,
420 604 497 688 quia
520 603 662 688 quinque
691 602 734 667 sit
757 602 873 666 artium
904 601 1118 666 maximarum
1141 624 1215 666 con·

148 733 262 774 cursus
286 706 391 792 (Brut.
409 712 439 793 6,
459 705 525 794 25).
572 711 641 774 Nec
676 709 813 773 multum
847 710 881 772 in
905 706 1041 773 Oratore
1077 709 1117 772 ab
1154 708 1215 773 hac

148 818 322 904 partitione
356 817 504 882 discedit.
562 817 710 902 Reliquis
746 817 833 881 enirn
867 826 1001 901 quatuor
1035 817 1215 881 rhetoricae

148 926 295 1011 partibus
331 926 525 990 enumeratis
561 924 655 988 unius
691 924 865 988 memoriae
888 933 1068 1009 praecepta,
1105 933 1215 1009 utpote

147 1055 230 1117 quae
255 1033 297 1096 sit
320 1033 493 1096 multarum
518 1032 636 1096 artium
652 1033 831 1096 communis
848 1053 908 1095 neo
929 1043 1037 1095 tamen
1057 1054 1075 1094 a
1092 1031 1215 1094 ratione

148 1139 277 1202 dicendi
301 1140 416 1221 aliena,
442 1139 669 1225 praetermitt‘t
692 1134 908 1222 (or.17‚54).
955 1138 1071 1202 Restat
1094 1148 1128 1201 ut
1148 1149 1215 1202 'sta-

148 1256 266 1328 tuatur,
292 1256 449 1331 quantum
472 1246 542 1310 fieri
566 1247 692 1331 poterit,
723 1245 799 1331 quid
831 1269 868 1310 eo
897 1255 1041 1331 tempore
1066 1269 1129 1331 quo
1155 1245 1215 1309 To·

147 1354 221 1439 pica
246 1354 376 1438 scripsit
400 1353 439 1416 de
463 1353 609 1417 doctrina
638 1352 767 1417 dicendi
799 1353 1017 1439 dispertienda
1045 1353 1214 1417 censuerit.

148 1459 233 1526 Cum
257 1461 355 1544 igitur
380 1461 525 1526 Trebatii
548 1462 709 1526 voluntati
732 1462 905 1526 obsecutus
934 1462 1022 1526 locos
1047 1483 1214 1544 argumen-

148 1567 239 1632 tandi
263 1569 475 1654 exposuisset,
512 1570 576 1632 alia
611 1591 738 1653 quoque
773 1578 960 1654 persecutus
985 1577 1034 1632 est
1057 1579 1092 1632 ut
1115 1577 1216 1631 totam

147 1672 215 1758 (19,
236 1670 291 1754 72)
315 1675 504 1738 inveniendi
541 1685 643 1739 artem
674 1671 756 1758 (ab)
791 1675 987 1740 inlustraret.
1034 1672 1117 1739 Sunt
1140 1697 1215 1758 ergo

149 1782 270 1868 Topica
294 1783 422 1846 libellus
448 1782 486 1845 de
510 1783 708 1866 inventione,
737 1783 771 1846 in
796 1805 857 1868 quo
882 1782 977 1868 paulo
997 1782 1100 1847 fusius
1117 1781 1215 1846 disse·

147 1891 229 1955 ritur
253 1891 292 1954 de
316 1890 562 1975 argumentandi
596 1890 686 1955 locis.
734 1891 859 1955 Eadem
894 1901 1000 1956 autem
1035 1891 1070 1955 in
1094 1890 1155 1955 hoc
1178 1888 1216 1954 li-

147 1998 234 2062 bello
259 1999 347 2061 notio
372 1999 511 2083 quaein
535 1998 590 2062 lib.
624 1997 663 2062 de
688 2021 733 2062 or.
757 1998 955 2063 inventionis
979 1998 1102 2063 nomini
1131 1999 1217 2063 subi·

148 2106 240 2169 citur.
286 2105 488 2190 Praecipitur
511 2106 597 2169 enim
623 2105 661 2169 de
686 2105 929 2190 quaestionibus
946 2105 1082 2169 infinitis
1108 2114 1140 2168 et
1163 2128 1217 2188 ge·

148 2213 282 2277 neribus
299 2234 467 2277 causarum
484 2221 515 2276 et
530 2213 676 2297 partibus
693 2213 858 2277 orationis.
889 2212 1090 2277 inventionis
1108 2221 1215 2275 autem

147 2321 231 2384 fines
254 2320 316 2384 hoc
339 2321 435 2385 modo
464 2322 616 2386 constitui
640 2322 695 2407 qui
723 2322 834 2405 vellet,
865 2321 894 2385 ei
922 2322 1116 2406 tripertitam
1146 2321 1215 2384 uni-

149 2449 263 2491 versae
287 2426 450 2491 doctrinae
473 2427 653 2492 rhetoricae
678 2427 948 2510 distributionem,
979 2428 1085 2513 qualis
1110 2430 1216 2511 estin

150 2533 407 2616 Partitionibus,
434 2535 599 2599 obversari
633 2558 698 2599 non
733 2536 876 2620 potuisse
911 2534 1117 2620 perspicuum
1155 2545 1213 2600 est.

149 2637 234 2706 (lum
257 2641 355 2724 igitur
378 2639 499 2727 Topica
523 2639 638 2708 Cicero
663 2643 888 2726 conscriberet,
918 2643 1024 2728 potius
1049 2665 1119 2706 eam
1143 2641 1213 2705 rhe-

150 2749 270 2812 toricae
294 2748 501 2832 partitionem
524 2772 606 2834 quae
629 2750 664 2813 in
686 2749 742 2813 lib.
761 2749 800 2813 de
823 2750 889 2814 inv.
907 2759 938 2813 et
961 2749 995 2812 in
1018 2748 1074 2814 lib.
1106 2749 1145 2812 de
1169 2771 1213 2812 or.

151 2866 185 2920 et
208 2855 241 2919 in
265 2855 367 2920 Bruto
392 2857 481 2920 etin
505 2853 641 2921 Oratore
675 2879 772 2941 quam
807 2878 888 2941 quae
923 2857 957 2919 in
980 2856 1214 2920 Partitionibus

149 2972 199 3026 est
222 2963 390 3048 probabat.
436 2961 529 3027 Haec
552 2972 660 3027 autem
683 2963 740 3026 illa
762 2963 863 3026 multo
880 2963 1059 3027 accuratior
1081 2985 1214 3026 necesse

149 3080 200 3134 est
224 3069 433 3133 existimetur.
480 3071 554 3134 Non
576 3071 666 3133 enim
692 3071 726 3133 in
750 3071 1009 3155 quinquepertita
1037 3079 1069 3134 et
1098 3070 1214 3134 usitata

149 3175 387 3259 distributione,
418 3199 514 3261 quem
538 3176 730 3241 admodum
758 3177 828 3240 fieri
851 3187 985 3261 oportet,
1017 3177 1213 3241 inventionis

148 3286 239 3350 notio
263 3295 398 3371 utraque
426 3308 466 3348 ex
494 3295 583 3371 parte
610 3286 727 3350 iisdem
754 3285 901 3349 terminis
930 3286 1211 3367 circumscribitur,

151 3392 207 3458 sed
232 3393 328 3457 latius
353 3415 390 3456 ea
424 3392 568 3457 inventio
603 3402 692 3477 patet
725 3415 806 3478 quae
841 3414 915 3477 pars
951 3403 1001 3458 est
1033 3392 1214 3457 rhetoricae

148 3523 246 3585 quam
270 3521 351 3584 quae
377 3521 448 3563 cum
477 3499 549 3563 aliis
577 3500 674 3564 rebus
703 3509 839 3584 quatuor
867 3499 933 3563 vim
963 3522 1000 3564 ac
1027 3500 1214 3564 facultatem

147 3607 285 3672 oratoris
321 3606 447 3671 efficere
484 3606 601 3670 dicitur
636 3603 690 3689 (cf.
717 3607 755 3671 de
783 3629 828 3672 or.
855 3609 883 3691 1,
907 3609 959 3691 31,
983 3602 1070 3691 142).
1129 3608 1214 3671 Nam

148 3715 255 3780 aliena
278 3716 319 3781 ab
344 3715 415 3800 ipsa
438 3714 626 3780 inveniendi
648 3714 774 3779 ratione
798 3727 874 3780 sunt
896 3738 979 3800 quae
995 3716 1029 3779 in
1044 3713 1107 3779 hac
1123 3725 1213 3800 parte

150 3823 299 3887 universe
322 3822 563 3908 praecipiuntur
587 3821 626 3887 de
650 3831 765 3887 natura
788 3832 819 3886 et
843 3822 1067 3888 distributione
1084 3831 1116 3886 et
1131 3832 1213 3886 trac·

148 3930 271 3994 tatione
297 3930 520 4015 quaestionum
544 3941 576 3995 et
599 3953 777 3996 causarum.
823 3930 977 4016 Idemque
992 3930 1058 3994 fere
1080 3930 1119 3994 de
1142 3953 1213 4016 par·

150 4036 238 4101 tibus
263 4036 417 4102 orationis
442 4037 506 4101 dici
528 4046 644 4122 potest,
670 4061 751 4123 quae
767 4061 832 4102 non
848 4037 966 4102 rectius
983 4037 1016 4101 in
1032 4037 1213 4122 praeceptis
