2746 4560
661 194 705 258 48

149 371 213 434 duo
236 393 356 455 genera
378 370 413 433 in
428 369 663 435 Partitionibus
688 370 819 453 dividit3
846 393 981 456 quorum
1004 395 1106 435 unum
1130 371 1175 435 sit
1191 371 1226 434 in

149 478 367 563 disputatione
391 477 430 540 de
455 477 567 541 eodem
585 478 695 542 etalio
712 479 862 564 positum,
889 478 1025 543 alterum
1042 479 1076 542 in
1093 478 1226 563 generis

148 585 285 650 61166166
310 584 525 670 descriptione
549 582 615 668 (19,
634 580 700 666 66).
747 585 872 650 Locum
896 599 1002 650 autem
1027 586 1083 671 qui
1107 596 1159 651 est
1186 585 1226 650 de

148 692 263 757 eodem
287 692 405 756 etalio
431 693 536 756 minus
561 704 634 777 apte
659 703 691 757 et
714 694 747 757 in
771 693 827 758 lib.
854 693 893 757 de
917 717 962 758 or.
992 691 1035 777 (3,
1062 695 1116 775 29,
1146 691 1227 772 111)

149 810 183 863 et
205 799 240 863 in
264 796 394 884 Topicis
418 795 485 883 (22,
512 795 569 882 84)
593 799 627 862 16
651 822 689 864 eo
713 801 805 886 ponit
828 823 944 884 genere
973 801 1007 864 in
1035 824 1098 886 quo
1128 801 1227 887 quale

149 906 228 990 quid
255 907 298 971 sit
325 907 502 991 quaeritur,
539 929 735 992 quamquam
762 907 849 972 hunc
877 908 1017 972 eundum
1045 908 1156 972 locum
1192 909 1226 972 in

151 1013 281 1100 Topicis
305 1010 371 1096 (23,
397 1008 454 1096 81)
485 1013 660 1077 finitimum
688 1014 868 1078 definitioni
897 1024 929 1077 et
955 1014 1093 1079 formam
1123 1037 1227 1099 quan·

150 1121 224 1185 dam
249 1142 320 1185 esse
345 1120 543 1184 definitionis
568 1120 719 1184 ostendit.
768 1118 875 1200 Quam
906 1120 1035 1205 quidem
1059 1121 1224 1185 rationem

148 1229 184 1292 in
207 1227 440 1292 Partitionibus
472 1239 600 1291 secutus
630 1250 695 1290 non
725 1227 829 1310 iubet,
865 1228 928 1292 nisi
964 1228 998 1291 16
1034 1227 1226 1292 definitione

148 1333 327 1414 tractanda,
361 1332 401 1396 de
425 1333 539 1396 eodem
563 1344 594 1396 et
618 1333 681 1397 alio
706 1357 868 1419 quaerere.
914 1334 984 1398 Iam
1014 1357 1051 1398 ea
1076 1356 1161 1419 quae
1187 1335 1225 1398 de

149 1442 278 1525 generis
303 1440 518 1525 descriptione
543 1440 693 1505 dicuutur
724 1441 766 1505 ad
793 1442 898 1527 ipsam
926 1441 1103 1506 definiendi
1128 1443 1224 1506 ratio-

151 1572 224 1613 nem
248 1548 418 1634 pertinent,
444 1547 483 1611 de
507 1571 571 1633 qua
595 1571 691 1632 supra
715 1550 748 1612 in
770 1550 950 1634 praeceptis
968 1549 1223 1613 confirmationis

149 1656 375 1720 examinandis
405 1655 649 1741 disputavimus.
698 1656 842 1720 Tertium
877 1679 979 1740 genus
1015 1657 1221 1740 cognitionis,

150 1765 184 1827 in
220 1786 282 1848 quo
311 1762 406 1848 quale
434 1763 477 1827 sit
500 1764 672 1848 quaeritur,
711 1763 932 1828 consideratur
969 1798 1008 1807 —
1045 1763 1094 1827 sic
1132 1763 1222 1828 dccet

149 1868 265 1936 Cicero
290 1881 322 1934 et
345 1871 377 1934 in
402 1870 636 1934 Partitionibus
661 1868 728 1954 (19,
759 1866 815 1954 66)
846 1882 877 1935 et
900 1872 933 1934 iu
958 1870 1014 1934 lib.
1040 1869 1080 1933 de
1105 1893 1154 1935 or.
1179 1867 1220 1954 (3,

150 1979 205 2058 29,
233 1972 310 2059 116)
335 1978 422 2041 etin
448 1978 578 2064 Topicis
603 1975 670 2061 (22,
696 1973 753 2060 84)
791 2012 828 2020 -
868 1990 923 2041 aut
952 1977 1146 2062 simpliciter
1170 1994 1223 2042 aut

149 2108 191 2149 ex
207 2085 457 2169 comparatione.
504 2085 543 2149 In
568 2086 730 2170 superiore
755 2106 871 2169 genere
895 2084 1115 2169 quaerendum
1145 2085 1223 2149 dicit

148 2193 187 2256 in
209 2192 442 2257 Partitionibus
467 2192 506 2256 de
530 2192 707 2276 honestate,
733 2193 881 2274 utilitate,
908 2193 1079 2277 aequitate,
1105 2193 1140 2257 in
1165 2193 1221 2258 lib.

150 2300 190 2363 de
214 2323 258 2363 or.
285 2309 316 2363 et
343 2301 377 2363 in
402 2299 531 2384 Topicis
566 2310 694 2385 praeter
728 2299 931 2364 honestatem
960 2310 991 2363 et
1021 2301 1220 2384 aequitatem

149 2406 190 2469 de
213 2407 309 2470 rebus
334 2406 522 2491 expetendis
545 2407 762 2491 fugiendisve3
788 2429 883 2491 quem
907 2405 948 2470 ad
970 2406 1079 2470 locum
1102 2408 1219 2492 reliqui

150 2512 213 2575 duo
242 2524 378 2597 possunt
404 2515 559 2578 revocari.
607 2513 756 2579 Utilitate
786 2524 893 2578 autem
921 2515 955 2576 16
984 2513 1213 2578 Partitionibus

148 2619 282 2683 inducta
316 2644 436 2684 novum
470 2620 632 2705 quoddam
666 2622 847 2685 membrum
882 2620 922 2685 ad
957 2620 1159 2686 honestatem
1184 2632 1217 2684 et

152 2728 347 2812 aequitatem
371 2728 505 2792 accedit.
552 2728 596 2792 Et
620 2728 659 2792 de
689 2729 937 2814 comparationis
968 2751 1086 2813 genere
1110 2749 1215 2793 rursus

149 2833 264 2898 eodem
287 2835 382 2899 modo
406 2836 439 2898 in
464 2835 520 2899 lib.
543 2835 582 2898 de
603 2858 648 2899 or.
674 2836 762 2898 etin
787 2835 932 2921 TopiciS,
969 2836 1063 2900 aliter
1086 2837 1122 2900 in
1144 2834 1218 2900 Par·

148 2942 317 3007 titionibus
342 2943 546 3027 praecipitur,
572 2943 697 3025 inillis,
723 2952 759 3005 ut
782 2942 822 3005 de
843 2943 956 3006 eodem
980 2953 1011 3005 et
1035 2943 1099 3006 alio
1126 2940 1217 3007 etde

147 3051 269 3113 maiore
293 3060 326 3113 et
348 3051 480 3132 minore,
505 3050 541 3113 in
563 3049 624 3132 his,
650 3061 686 3114 ut
710 3050 749 3115 de
774 3050 899 3116 duobus
916 3050 1126 3135 comparandi
1152 3073 1219 3135 gra·

149 3155 244 3220 dibus
268 3157 303 3219 16
325 3156 442 3221 iisdem
464 3157 529 3221 illis
558 3158 655 3221 rebus
685 3180 767 3242 quae
803 3158 992 3243 simpliciter
1029 3167 1220 3239 tractantur,

149 3262 238 3325 velut
262 3262 339 3347 quid
365 3264 407 3327 sit
430 3263 608 3346 honestius,
634 3263 712 3349 quid
735 3264 1009 3346 honestissimum,
1035 3274 1220 3349 quaeratur.

120 3377 122 3381 ’
148 3373 199 3434 Α6
224 3369 263 3433 de
287 3369 399 3433 eodem
424 3370 542 3434 etalio
566 3372 673 3456 potius
699 3372 733 3435 16
758 3372 945 3436 definitione
970 3371 1129 3454 agendum
1149 3395 1221 3437 6666

148 3500 246 3563 supra
262 3478 564 3542 demonstravimus.
606 3475 829 3564 Superlativus
846 3490 953 3544 autem
970 3478 1088 3562 gradus
1106 3480 1222 3544 eodem

146 3587 216 3650 iure
244 3608 307 3671 quo
343 3587 579 3671 comparativus
614 3587 648 3649 in
682 3585 744 3650 hoc
777 3610 893 3670 genere
928 3595 1101 3672 spectatur.
1155 3584 1223 3652 Sed

147 3692 304 3759 hactenus
337 3693 376 3757 de
411 3693 604 3778 cognitionis
640 3678 834 3780 praeceptis,
872 3694 911 3758 de
946 3694 1098 3776 actionis,
1133 3717 1222 3779 quae

147 3800 249 3865 altera
273 3811 343 3865 erat
364 3801 521 3887 propositi
545 3824 635 3887 parS,
671 3801 823 3886 pauciora
852 3799 1096 3885 dicendaqsunt.
1145 3801 1221 3866 Non

147 3908 293 3972 enimin
316 3908 377 3973 hac
405 3919 497 3995 parte
520 3908 715 3974 Partitiones
746 3909 857 3994 procul
886 3931 905 3972 a
928 3909 983 3972 lib.
1010 3907 1049 3971 de
1073 3931 1119 3972 or.
1146 3918 1180 3973 et
1203 3933 1223 3974 a

138 4012 278 4108 ,Topicis
303 4015 492 4102 abhorrent,
516 4016 692 4100 inquibus
716 4016 809 4080 libris
834 4016 984 4080 omnibus
1000 4015 1085 4079 actio
1102 4017 1139 4080 in
1156 4017 1221 4082 duo
