2746 4560
753 212 796 274 30

236 388 391 474 consequi
426 387 521 453 debet
549 410 645 472 quam
674 397 709 451 ut
737 389 792 473 qui
822 387 912 452 audit
933 388 1109 452 benevolus
1134 397 1167 452 et
1189 386 1308 452 docilis

236 506 270 560 et
304 505 445 560 attentus
483 497 541 560 fiat
578 492 938 579 (111111.1,15,20,
976 495 1015 559 de
1043 496 1143 577 (11.2,
1170 495 1307 578 11180,

237 605 268 687 2,
295 605 346 687 19,
373 605 451 685 322,
487 603 713 686 1131122,
749 612 813 688 top.
836 605 888 686 26,
915 598 981 685 97).
1027 603 1101 667 Non
1137 603 1225 667 enim
1260 603 1309 665 in-

237 711 370 795 telleget
392 712 573 776 necessario
598 732 729 775 causam
752 710 807 795 qui
832 711 893 774 erit
917 709 1042 774 docilis.
1088 710 1203 794 Neque
1228 709 1309 773 haee

238 818 340 883 virtus
364 819 443 883 satis
469 817 621 882 distincto
645 827 694 882 est
717 840 736 881 a
758 818 892 902 reliquis
917 816 1051 899 duabus,
1087 818 1205 902 quibus
1243 817 1307 880 iam

237 925 385 991 docilitas
419 949 538 1008 magna
565 949 605 989 ex
632 935 723 1010 parte
748 925 938 989 continetur.
986 923 1111 988 Docilis
1135 933 1185 988 est
1209 924 1305 1006 enim,

237 1043 273 1097 ut
295 1042 328 1097 et
351 1029 546 1098 Cornificius
571 1042 602 1096 et
627 1029 741 1097 Cicero
765 1032 975 1117 praecipiunt,
1012 1032 1068 1116 qui
1092 1040 1214 1095 attente
1238 1031 1308 1095 vult

238 1140 349 1204 audire
380 1136 433 1223 (ad
458 1139 537 1204 Her.
562 1142 589 1221 1,
615 1141 645 1220 4,
674 1142 707 1222 7,
744 1139 783 1203 de
807 1140 872 1203 inv.
901 1140 929 1221 1,
957 1140 1007 1220 16,
1035 1134 1101 1218 23).
1159 1137 1307 1202 Primum

237 1249 336 1334 igitur
359 1248 401 1312 ad
422 1247 684 1330 benevolentiam
708 1247 944 1311 conciliandam
967 1246 1126 1332 principia
1150 1246 1308 1311 sumenda

239 1356 389 1419 dicuntur
412 1377 453 1418 ex
475 1355 532 1436 rei,
569 1354 828 1439 disceptatorum,
865 1353 1123 1418 adversariorum
1158 1353 1306 1437 personis

227 1449 360 1546 ’(111)
406 1461 481 1526 Huc
509 1462 633 1525 aecem
660 1462 695 1525 n
722 1461 778 1526 m.
804 1462 843 1525 ue
871 1462 937 1526 inv.
968 1457 1012 1544 (1,
1040 1455 1173 1543 1111)
1209 1460 1306 1524 etiam

238 1571 267 1634 is
291 1570 380 1634 locus
405 1570 460 1655 qui
484 1570 517 1633 in
541 1570 638 1635 rebus
663 1570 824 1651 consistit3
853 1591 949 1653 quem
973 1569 1078 1632 locum
1100 1565 1217 1632 Cicero
1241 1590 1308 1631 ma·

238 1678 358 1742 turiore
388 1676 508 1741 iudicio
532 1676 755 1740 tantummodo
779 1677 812 1738 in
841 1698 952 1739 eorum
975 1697 1144 1738 numerum
1166 1674 1306 1739 11111111·

240 1785 315 1849 dum
351 1785 476 1849 censuit
510 1785 627 1869 quibus
662 1784 779 1847 oratori
815 1783 969 1846 utendum
1004 1795 1090 1847 esset
1121 1793 1157 1845 ut
1180 1782 1306 1846 intelle·

240 1901 351 1976 genter
385 1901 418 1956 11
449 1902 570 1955 attente
598 1891 762 1955 audiretur
790 1886 834 1973 (8,
861 1886 927 1973 29).
975 1888 1101 1953 Deinde
1126 1889 1165 1953 de
1191 1913 1229 1954 ea
1253 1889 1307 1953 do·

240 2000 370 2064 cilitatis
407 2009 497 2084 parte
536 2021 618 2084 quae
656 1999 753 2062 etiam
792 1998 833 2061 ad
871 1998 1013 2082 reliquas
1053 1997 1131 2061 duas
1170 1997 1307 2061 virtutes

239 2106 366 2171 exordii
398 2108 538 2192 pertinet
564 2106 647 2170 nihil
676 2105 753 2170 dicit
776 2105 831 2169 sed
857 2106 966 2171 omnia
989 2105 1030 2168 ad
1053 2103 1308 2188 intellegendum

238 2213 334 2277 refert
363 2224 395 2277 et
420 2214 513 2299 plura
540 2212 671 2299 quidem
706 2214 739 2276 in
777 2212 861 2276 hanc
899 2235 968 2276 rem
1005 2221 1178 2297 praecepta
1216 2211 1308 2296 ponit

238 2343 336 2406 quam
359 2322 393 2384 in
416 2321 473 2386 lib.
498 2320 537 2384 de
561 2320 637 2402 inv,
675 2329 708 2383 ut
736 2342 817 2405 quae
853 2319 1002 2384 dicuntur
1029 2318 1068 2382 de
1093 2340 1210 2402 genere
1234 2340 1308 2382 cau·

241 2450 357 2509 sarum,
393 2426 433 2491 de
467 2427 720 2508 definitionibus
756 2425 796 2490 de
831 2426 1070 2511 partitionibus,
1104 2424 1142 2488 de
1166 2426 1308 2511 partium

239 2534 426 2598 confusione
452 2546 483 2597 et
506 2533 720 2597 multitudine.
767 2532 935 2598 Postremo
964 2533 1024 2598 etsi
1050 2529 1165 2597 Cicero
1193 2533 1308 2598 eadem

238 2641 304 2705 1111
339 2649 436 2725 atque
470 2641 505 2703 in
539 2640 594 2704 lib.
625 2639 664 2703 de
693 2641 758 2703 inv.
787 2642 906 2705 oratori
933 2639 1143 2725 proponenda
1166 2639 1246 2703 dicit
1275 2649 1308 2702 ut

239 2757 361 2812 attente
399 2746 556 2830 audiatur,
597 2745 677 2810 haec
715 2747 938 2811 tantummodo
977 2748 1010 2811 in
1049 2747 1159 2811 libello
1194 2755 1308 2831 postea

239 2855 358 2941 scripto
392 2855 428 2919 in
456 2864 543 2919 certa
571 2854 736 2918 distribuit
769 2877 888 2939 genera
921 2851 975 2937 (cf.
1001 2876 1031 2937 p.
1055 2877 1099 2917 or.
1121 2855 1151 2936 8,
1174 2855 1231 2933 30,
1269 2854 1306 2918 de

238 2965 305 3029 inv.
325 2965 353 3046 l,
378 2964 428 3046 16,
452 2958 524 3046 23),
548 2963 583 3026 11
608 2984 670 3047 quo
695 2962 793 3026 etiam
816 2960 898 3025 illud
920 2962 952 3025 in
978 2962 1157 3046 praeceptis
1182 2961 1307 3025 exordii

238 3071 385 3153 collocat,
410 3082 454 3152 ut,
480 3071 506 3135 si
530 3070 601 3133 fieri
624 3070 736 3155 possit,
762 3068 802 3132 ad
826 3079 953 3153 tempus
977 3079 1050 3154 apte
1074 3068 1196 3153 aliquid
1222 3069 1306 3134 dica·

153 3209 155 3213 ⁴
239 3189 300 3240 tur.
347 3174 440 3256 Quae
476 3186 583 3241 autem
617 3178 652 3239 in
686 3177 743 3240 lib.
773 3175 812 3239 de
840 3176 906 3239 inv.
936 3177 1015 3239 satis
1043 3176 1129 3240 levia
1152 3185 1228 3240 sunt
1252 3187 1307 3240 aut

240 3284 429 3368 simpliciori
468 3283 633 3347 dividendi
672 3284 790 3348 rationi
828 3292 1009 3368 repugnant
1053 3306 1093 3347 ne
1136 3284 1307 3368 perstricta

239 3391 371 3476 quidem
394 3390 541 3454 videmus
565 3391 599 3452 in
622 3389 867 3473 Partitionibus
892 3390 949 3454 ubi
973 3386 1087 3455 Cicero
1111 3391 1180 3454 iure
1201 3413 1307 3476 neque

238 3497 382 3584 quinque
416 3497 474 3560 illa
508 3518 675 3560 causarum
705 3519 823 3580 genera
846 3497 971 3561 exordii
995 3497 1178 3582 explicandi
1202 3499 1308 3581 gratia

240 3605 410 3689 distinguit
448 3599 869 3688 (11.11111.1,15,2Ο)
913 3627 1018 3690 neque
1062 3603 1230 3668 exordium
1273 3607 1306 3668 in

238 3715 432 3801 principium
457 3722 489 3777 et
511 3713 764 3778 insinuationem
785 3712 901 3777 dividit
916 3709 970 3796 (cf.
989 3713 1028 3776 de
1045 3714 1110 3777 inv.
1130 3716 1158 3795 1,
1179 3715 1229 3796 15,
1249 3713 1305 3794 20,

241 3829 269 3906 1,
297 3825 347 3904 ll,
373 3818 430 3904 23)
467 3843 572 3907 neque
611 3822 784 3907 separatim
823 3821 863 3886 de
901 3821 987 3886 vitiis
1024 3820 1147 3884 exordii
1177 3821 1308 3885 disserit

237 3927 292 4012 (cf.
318 3930 357 3994 de
381 3931 446 3994 inv.
473 3931 501 4012 1,
530 3930 580 4011 18,
606 3926 672 4010 26).
711 3931 821 4014 Atque
844 3928 904 3992 hae
927 3928 993 3991 fere
1018 3927 1196 3992 sententiae
1214 3926 1307 3993 Oice-

236 4037 327 4101 ronis
352 4047 443 4101 erant
466 4035 505 4100 de
528 4037 695 4121 principio.
