2746 4560
726 208 767 272 32

209 385 314 469 quitas
350 394 383 448 et
416 385 571 448 memoria
606 385 814 469 significetur.
862 384 977 449 Restat
1001 385 1153 466 saevitae,
1184 407 1278 470 quae,

209 492 269 556 etsi
303 493 388 555 inter
422 493 557 556 virtutes
586 493 779 556 narrationis
804 492 868 557 nisi
892 493 925 555 in
949 491 1184 556 Partitionibus
1207 492 1279 555 nul-

208 599 274 662 lum
298 597 396 662 habet
418 598 533 680 locum,
568 622 587 662 a
615 600 740 664 ratione
769 599 864 664 huius
894 601 995 684 partis
1024 600 1121 664 etiam
1145 599 1179 662 in
1204 599 1279 663 aliis

209 704 377 770 Ciceronis
412 706 504 770 libris
541 727 605 768 non
641 717 690 770 est
724 705 839 770 aliena.
888 705 964 770 Tria
988 706 1130 770 enimin
1154 706 1212 770 lib.
1240 705 1279 769 de

208 813 273 875 inv.
298 808 342 894 (1,
369 813 419 894 19,
446 808 502 895 27)
536 813 731 877 narrationis
761 835 880 896 genera
914 812 1162 897 distinguuntur,
1201 835 1278 897 quo·

208 942 279 982 rum
301 921 440 1005 primurn
464 943 634 984 causarum
657 921 821 1005 proprium
847 943 917 984 esse
941 942 979 984 ac
1003 921 1099 983 trium
1121 921 1278 984 virtutum

209 1025 351 1110 indigere
387 1026 512 1110 dicitur,
549 1027 695 1109 alterum,
734 1026 821 1111 quod
849 1024 964 1092 Cicero
993 1037 1106 1112 postea
1129 1028 1163 1090 iu
1187 1050 1279 1112 prae·

209 1134 309 1219 ceptis
348 1134 542 1198 narrationis
581 1135 870 1218 praetermittebat,
918 1135 1050 1198 notione
1094 1135 1279 1199 continetur

209 1241 477 1326 amplificationis
508 1242 638 1305 tertium
667 1242 701 1305 in
725 1243 863 1324 negotiis
892 1255 924 1306 et
947 1243 1093 1326 personis
1118 1251 1278 1306 versatur.

208 1348 331 1412 Iniuria
364 1359 471 1412 autem
506 1346 566 1412 hoc
595 1349 725 1411 tertium
754 1372 855 1434 genus
880 1373 899 1413 a
923 1350 1029 1413 causis
1053 1349 1205 1413 civilibus
1230 1373 1278 1414 re·

209 1469 355 1519 movetur
400 1466 432 1518 et
478 1454 519 1519 ad
565 1456 814 1521 exercitationes
857 1456 1033 1528 rhetoricus
1073 1456 1276 1520 amandatur.

210 1559 317 1641 Quare
342 1585 381 1626 ex
405 1561 466 1626 hoc
489 1585 605 1646 genere
631 1560 754 1645 Cicero,
786 1587 858 1627 curn
885 1587 995 1628 rursus
1020 1587 1088 1627 rem
1111 1574 1275 1646 tractaret,

209 1669 363 1733 nonnulla
396 1669 534 1755 repetiit,
572 1671 632 1734 etsi
668 1694 766 1733 unam
795 1671 925 1734 omnino
954 1693 1055 1755 genus
1079 1672 1275 1736 narrationis

210 1776 365 1841 oratoriae
390 1799 461 1841 esse
484 1777 623 1841 volebat.
658 1776 769 1841 Habet
793 1777 879 1841 enim
896 1801 934 1841 ea
949 1778 1144 1842 narrationis
1159 1779 1273 1860 virtus,

209 1904 290 1967 quae
329 1884 428 1947 altero
467 1884 537 1948 loco
577 1885 618 1949 ab
656 1886 800 1948 Antonio
840 1886 874 1948 in
909 1885 964 1948 lib.
1000 1885 1039 1949 de
1069 1908 1113 1949 or.
1149 1883 1196 1969 (2,
1222 1887 1272 1968 80,
1361 1894 1363 1899 ’

210 1991 273 2054 326
309 1986 396 2076 sqq.)
442 1991 625 2076 exponitur,
666 2014 731 2055 non
770 1993 875 2056 solum
922 1992 1171 2056 credibilitatem
1217 1992 1275 2058 sed

209 2099 306 2163 etiam
339 2098 549 2163 iucunditatis
582 2099 706 2183 aliquid
734 2109 766 2163 et
796 2099 982 2163 festivitatis
1012 2110 1044 2162 et
1074 2100 1270 2180 venustatis3

209 2228 299 2290 quae,
325 2204 412 2291 quod
427 2229 467 2270 ex
483 2207 619 2291 repetita
635 2228 855 2289 personarum,
874 2229 1067 2288 sermonum,
1085 2206 1273 2271 festivitatis

210 2314 372 2376 mentione
408 2324 440 2376 et
474 2336 513 2377 ex
548 2314 646 2378 simili
675 2314 821 2398 exemplo
846 2313 1040 2377 Terentiano
1067 2315 1277 2399 perspicuum

211 2429 268 2502 est,
302 2443 341 2483 ex
364 2420 420 2484 lib.
446 2420 485 2483 de
513 2421 579 2484 inv.
603 2431 784 2484 manarunt.
835 2420 922 2483 Huic
952 2420 1051 2504 igitur
1081 2420 1277 2484 iucunditati

209 2528 243 2590 in
266 2526 498 2591 Partitionibus
523 2528 696 2610 seiunctae,
729 2538 764 2591 ut
787 2528 869 2591 ratio
893 2529 1086 2612 postulabat,
1117 2552 1136 2591 a
1158 2529 1276 2614 proba·

210 2633 335 2698 bilitate
360 2633 528 2698 suavitatis
551 2657 667 2698 nomen
693 2656 733 2698 ex
756 2635 933 2699 luminibus
958 2635 1112 2699 orationis
1136 2636 1273 2720 petitum

209 2742 396 2827 impositum
419 2750 477 2824 est,
502 2741 670 2821 brevitate,
696 2763 779 2825 quae
803 2742 868 2805 iam
891 2742 926 2805 in
948 2742 1005 2806 lib.
1031 2741 1070 2804 de
1095 2765 1139 2805 or.
1165 2743 1276 2827 aliqua

210 2874 251 2915 ex
284 2861 374 2936 parte
409 2850 591 2935 improbata
626 2858 702 2932 erat,
745 2871 785 2913 ex
819 2872 952 2913 numero
987 2850 1084 2913 trium
1119 2851 1276 2914 virtutum

210 2960 336 3024 sublata
370 2981 408 3023 ac
441 2959 662 3044 perspicuitati
698 2958 852 3022 subiecta.
911 2958 954 3021 Et
989 2958 1116 3041 singula
1145 2980 1275 3044 quoque

209 3066 276 3130 fere
300 3067 416 3149 omnia,
442 3088 524 3150 quae
547 3066 687 3128 narratio
713 3065 822 3129 suarm
847 3064 966 3128 dieitur
987 3064 1116 3147 habere,
1142 3078 1198 3128 aut
1221 3066 1278 3130 iis·

212 3175 284 3237 dem
306 3174 372 3238 fere
395 3175 503 3237 verbis
527 3182 819 3237 commemorantur
843 3174 875 3235 in
900 3174 940 3237 iis
965 3195 1046 3257 quos
1072 3173 1214 3237 diximus
1239 3174 1278 3237 li·

210 3281 277 3344 bris
295 3290 349 3343 aut
364 3280 458 3364 plane
474 3279 706 3362 significantur,
721 3280 758 3342 in
774 3280 831 3344 lib.
850 3278 888 3343 de
906 3281 971 3343 inv.
990 3279 1192 3363 cupiditates,
1210 3304 1280 3345 me·

210 3397 271 3469 tus,
285 3387 437 3468 laetitiae,
455 3386 560 3450 exitus
576 3386 743 3470 inopinati,
761 3387 794 3449 in
808 3386 864 3450 lib.
878 3386 917 3451 de
929 3410 973 3451 or.
992 3386 1151 3471 colloquia
1166 3408 1279 3472 perso·

210 3519 333 3578 narum,
359 3494 494 3576 dolores,
524 3504 628 3556 motus
657 3494 848 3577 animorum,
877 3494 1116 3575 admirationes,
1143 3516 1279 3579 exspec-

210 3604 359 3668 tationes.
407 3598 493 3665 Satis
518 3623 592 3685 ergo
628 3622 669 3663 ex
691 3599 742 3664 his
778 3602 927 3666 omnibus
962 3601 1159 3684 intellegitur
1184 3598 1279 3666 Cice-

210 3735 322 3776 ronem
344 3733 461 3794 magna
484 3731 558 3773 curn
581 3731 657 3772 cura
680 3718 712 3772 et
742 3710 936 3794 cogitatione
964 3709 1071 3772 locum
1101 3709 1185 3772 inter
1213 3710 1280 3774 vir·

210 3829 294 3884 tutes
318 3818 511 3883 narrationis
535 3816 688 3881 tribuisse
714 3817 880 3898 suavitati3
917 3816 1002 3902 quod
1037 3815 1167 3900 quidem
1203 3839 1281 3880 eum

211 3949 307 4012 supra
329 3925 469 3991 vidimus
491 3948 556 3989 non
579 3924 682 4008 magis
707 3922 830 4008 Topica
852 3947 950 4009 quam
977 3923 1078 3986 libros
1101 3921 1139 3984 de
1171 3945 1218 3986 or.
1245 3934 1278 3988 et
