2746 4560
655 235 693 296 11

136 420 206 476 tum
230 411 388 476 sermonis
419 421 545 497 tempus
569 409 656 474 idem
684 433 754 475 esse
778 410 864 495 quod
887 420 1014 496 tempus
1039 411 1202 475 scribendi

137 519 274 604 ideoque
312 518 508 582 Partitiones
547 518 730 582 necessario
768 518 857 602 prius
897 519 1096 603 conscriptas
1136 540 1207 582 esse

139 649 234 711 quam
268 625 399 690 Marcus
431 624 578 688 discendi
612 647 709 688 causa
735 625 883 690 Athenas
918 626 1080 711 profectus
1113 636 1208 690 esset.

139 730 235 812 Quod
273 757 351 796 num
388 733 435 795 ita
467 732 565 796 fuerit
592 733 689 796 etiam
716 732 797 796 illud
820 733 1055 797 dubitationem
1079 756 1207 797 movere

140 840 235 905 debet
270 839 354 924 quod
389 840 423 903 in
457 841 522 903 fine
550 841 708 904 sermonis
737 841 864 923 dicitur,
899 839 1094 904 Partitiones
1120 841 1208 925 ipsas

138 947 284 1015 Marcum
309 947 423 1011 melius
447 948 686 1011 intellecturum
711 970 781 1012 cum
806 948 847 1011 ad
870 947 975 1012 fontes
992 948 1065 1011 illos
1082 948 1208 1012 Acade·

139 1057 241 1119 micos
281 1055 454 1118 accesserit
491 1051 557 1138 (40,
589 1050 680 1138 140),
722 1057 798 1140 quin
836 1056 932 1119 etiam
972 1078 1024 1118 eas
1053 1056 1123 1118 sine
1150 1055 1208 1119 illa

138 1161 320 1226 Academia
357 1162 502 1246 intellegi
540 1186 605 1227 non
644 1185 740 1247 posse
778 1157 959 1246 (40,139).
1010 1163 1095 1225 Nam
1130 1162 1206 1226 inde

142 1269 365 1353 cognoscimus
390 1265 580 1334 Ciceronem
619 1266 765 1334 libellum
804 1269 1129 1333 accommodatiorem
1167 1269 1208 1332 ad

141 1399 234 1440 usum
268 1376 328 1439 filii
364 1376 495 1440 duxisse
531 1376 646 1440 studiis
682 1376 914 1462 philosophicis
944 1399 1074 1461 operam
1102 1376 1209 1441 dantis

141 1506 236 1568 quam
272 1483 415 1547 nondum
441 1484 600 1547 rationem
630 1483 744 1547 horum
773 1484 952 1548 studiorum
976 1485 1124 1567 ingressi.
1173 1481 1209 1548 Si

140 1600 247 1655 autern
271 1590 401 1654 Marcus
417 1591 558 1655 Athenis
582 1592 647 1654 iam
671 1604 748 1674 erat,
774 1591 876 1655 nihilo
901 1592 1017 1675 minus,
1044 1602 1078 1655 ut
1098 1614 1208 1656 neces·

140 1697 228 1762 sitati
262 1697 381 1781 dialogi
410 1690 590 1780 satisfieret,
621 1698 819 1761 redeundum
848 1707 916 1762 erat
939 1699 972 1761 in
998 1722 1144 1762 sermone
1168 1698 1208 1762 ad

141 1805 175 1868 id
209 1814 336 1889 tempus
373 1827 434 1888 quo
471 1828 534 1868 una
569 1827 641 1868 cum
676 1815 766 1890 patre
795 1805 899 1868 luerat
922 1807 955 1868 in
978 1804 1084 1868 Italia.
1132 1802 1206 1887 Sed,

142 1936 204 1998 quo
229 1913 407 1977 orationem
428 1913 616 1998 perductam
641 1913 798 1995 videmuS,
824 1913 1027 1977 attendamus
1044 1922 1211 1997 praeterea

142 2020 237 2105 quale
276 2021 316 2083 iis
357 2020 395 2082 de
431 2020 548 2104 quibus
583 2044 669 2083 nunc
706 2021 811 2104 agitur
841 2020 1010 2083 consilium
1039 2018 1208 2082 indicetur.

142 2124 301 2212 Sperabat
335 2127 433 2210 igitur
462 2123 577 2191 Cicero
613 2128 786 2190 adiutrices
813 2127 1010 2190 Partitiones
1035 2128 1068 2189 in
1093 2126 1208 2191 studiis

139 2233 208 2297 fore
232 2233 357 2315 Marc03
382 2256 476 2317 quem
501 2233 547 2296 ait
571 2256 605 2297 se
629 2233 852 2298 doctissimum
876 2257 947 2298 esse
971 2234 1053 2298 velle
1077 2234 1210 2318 eiusque

143 2340 251 2403 studia
286 2338 387 2424 pluris
422 2339 541 2403 habere
576 2340 628 2404 vel
663 2342 812 2404 maximis
839 2341 905 2405 suis
935 2341 1209 2427 occupationibus

141 2447 327 2511 Possumus
343 2448 439 2511 etiam
465 2449 593 2530 sentire,
618 2450 754 2534 repetita
769 2450 859 2513 brevi
876 2450 1046 2514 intervallo
1062 2448 1209 2532 Latinae,

142 2554 194 2618 cui
233 2554 294 2617 hoc
331 2564 475 2640 tempore
514 2556 720 2640 inserviebat,
762 2568 794 2622 et
822 2556 966 2622 Graecae
996 2558 1210 2623 institutionis

143 2663 358 2745 contentione,
383 2662 415 2726 id
441 2686 568 2748 quoque
591 2665 675 2750 patri
699 2664 798 2730 fuisse
823 2687 927 2747 curae,
952 2689 993 2730 ne
1016 2667 1052 2729 in
1076 2664 1211 2730 Graecis

142 2770 259 2834 litteris
282 2768 413 2834 Marcus
443 2771 515 2855 plus
550 2794 664 2856 operae
693 2773 865 2837 collocaret
896 2796 991 2858 quarn
1015 2774 1049 2837 in
1071 2772 1210 2837 Latinis.

144 2874 240 2956 Quod
274 2887 382 2941 autem
416 2879 488 2962 quis
522 2878 661 2943 fortasse
697 2880 736 2943 ab
766 2890 901 2965 utraque
930 2879 1050 2964 dialogi
1073 2902 1212 2965 persona

144 2985 207 3048 dici
230 2987 392 3070 putaverit
407 2982 451 3068 (1,
472 2987 488 3049 1
508 2982 607 3072 squ),
634 2987 691 3051 has
708 2988 796 3073 ipsas
815 2988 1003 3073 partitiones
1021 2984 1212 3052 Ciceronem

144 3090 267 3156 Graece
283 3092 394 3157 Marco
410 3094 583 3159 tradidisse
600 3105 704 3178 antea,
730 3095 763 3159 id
787 3096 868 3159 nihil
893 3097 1001 3160 obstat
1025 3096 1211 3180 quominus

143 3197 293 3263 licentiae
337 3203 495 3265 sermonis
539 3212 707 3286 acceptum
758 3202 944 3266 referamus
1007 3201 1212 3288 Quamquam

144 3305 215 3367 fieri
248 3316 355 3389 potest
383 3317 417 3372 ut
441 3305 555 3373 Gicero
580 3308 705 3374 Graece
728 3310 875 3374 Marcum
902 3321 1073 3396 praecepta
1107 3310 1212 3374 rheto-

144 3412 212 3475 rica
236 3412 389 3479 docuerit.
435 3417 520 3480 Nam
544 3440 678 3502 puerum
703 3441 774 3482 eum
799 3420 921 3502 primus
946 3419 1073 3483 videtur
1089 3417 1213 3483 Graece

145 3519 325 3584 instituisse
349 3519 402 3603 (cl.
428 3522 467 3585 ad
491 3526 561 3589 Att.
580 3526 609 3607 2,
628 3527 658 3606 9,
677 3526 711 3606 43
738 3528 766 3608 2,
788 3527 839 3608 15,
858 3527 891 3607 33
921 3526 1101 3590 Drumann.
1125 3525 1211 3588 Hist.

145 3625 239 3691 Rom.
256 3627 319 3691 vol.
337 3627 393 3692 VI.
417 3651 448 3713 p.
468 3627 546 3712 111)
570 3643 602 3694 61
624 3642 737 3717 postea
760 3655 1002 3717 nonnumquam
1027 3634 1095 3695 eius
1117 3654 1215 3695 causa

146 3757 263 3799 munus
280 3738 537 3820 praeceptorium
553 3739 734 3822 suscepisse
759 3736 812 3819 (cf.
831 3738 871 3801 ad
888 3734 1041 3816 Quintis.
1060 3741 1089 3820 2,
1110 3740 1160 3821 14,
1179 3739 1212 3821 2;

147 3842 187 3906 ad
211 3845 281 3908 Att.
303 3843 333 3926 8,
356 3844 386 3926 4,
414 3837 456 3926 1).
505 3840 570 3907 Sed
605 3843 646 3907 ad
671 3844 842 3908 consilium
869 3845 1036 3930 scriptoris
1060 3845 1214 3930 indagan-

147 3949 223 4014 dum
245 3950 425 4016 redeamus.
459 3949 590 4016 Marcus
615 3952 712 4034 igitur
736 3952 822 4036 quod
845 3961 1012 4038 praeterea
1035 3953 1214 4018 studiorum

147 4066 179 4121 et
212 4057 444 4123 rhetoricorum
480 4068 512 4122 et
546 4057 843 4144 philosophicorum
870 4069 938 4124 tam
965 4060 1099 4146 cupidus
1124 4061 1215 4124 indu-
