2746 4560
559 716 745 810 VluA.

208 1012 409 1066 Francisous
428 1012 568 1068 Ioannes
587 1012 760 1068 Merchant
777 1013 885 1067 Alberti
902 1012 944 1081 F,
963 1017 1048 1066 matre
1061 1010 1186 1066 Candace

120 1118 137 1154 e
157 1106 236 1173 gente
253 1101 368 1170 Downs,
396 1107 474 1155 natus
503 1120 562 1156 sum
585 1102 657 1157 Novi
674 1102 792 1156 Eboraci
814 1121 837 1158 a.
857 1101 884 1158 d.
902 1101 938 1156 X.
957 1101 1017 1155 Kal.
1039 1101 1096 1156 Ian.
1117 1119 1185 1154 anno

121 1189 199 1243 huius
219 1189 318 1244 saeculi
340 1189 396 1245 LV.
415 1189 514 1244 Fidem
535 1191 665 1261 profiteor
688 1191 877 1262 evangelicam.
917 1190 1014 1244 Primis
1036 1190 1186 1245 litterarum
1288 1263 1291 1267 ,

119 1279 260 1333 elementis
283 1279 411 1348 imbutus,
440 1285 545 1333 mortuo
573 1285 651 1350 patre
679 1286 764 1334 matre
792 1279 859 1333 duce
889 1284 916 1334 et
934 1279 1054 1348 custode,
1082 1279 1109 1332 in
1129 1296 1186 1332 rem

120 1367 259 1438 publicam
276 1368 424 1422 Iovensem
447 1369 636 1439 transmigravi
654 1369 746 1440 ibique
765 1387 850 1441 usque
874 1368 910 1422 ad
935 1387 1033 1422 annum
1052 1367 1186 1422 decimum

121 1448 228 1510 sextum
247 1456 320 1527 apud
346 1457 489 1529 magistros
518 1457 643 1527 publicos
673 1457 821 1512 erudiebar.
859 1457 929 1512 Tum
956 1457 1111 1511 infirmitate
1130 1474 1184 1509 cor·

120 1546 196 1616 poris
216 1552 324 1600 coactus
342 1546 426 1600 libros
447 1547 534 1601 abieci
552 1552 579 1601 et
606 1553 660 1600 tres
680 1546 737 1600 fere
764 1565 849 1600 anuos
878 1546 990 1601 contrivi
1013 1547 1042 1599 in
1060 1546 1185 1617 negotiis.

120 1635 228 1690 Interea
246 1641 335 1690 autem
354 1637 502 1707 cupiditate
520 1635 694 1690 humanitatis
714 1637 851 1707 amplioris
871 1636 1013 1705 adductuS,
1032 1636 1185 1690 iuvantibus

121 1729 289 1784 institutione
307 1729 429 1783 ministro
458 1729 534 1784 verbi
564 1728 647 1783 divini
666 1729 833 1799 coniugeque
861 1728 917 1780 eius
945 1726 1186 1797 praestantissima,

121 1818 226 1872 initium
255 1818 308 1871 feci
323 1818 420 1872 Latine
448 1824 474 1872 et
497 1818 599 1873 Graece
628 1816 759 1872 discendi.
804 1817 866 1870 Uno
895 1815 977 1887 igitur
1005 1821 1031 1868 et
1057 1815 1184 1868 vicesimo

120 1925 201 1976 anno,
219 1907 339 1978 legitimo
360 1912 509 1961 sustentato
530 1907 659 1974 examina,
677 1907 705 1959 in
719 1905 903 1959 studiosorum
915 1922 1057 1957 numerum
1071 1902 1187 1974 Collegii

122 1995 333 2064 Shurtleffensis,
362 1995 436 2067 quod
454 1996 535 2049 situm
554 2000 595 2048 est
612 1995 730 2048 Altonae
755 1995 831 2048 inre
849 1993 958 2065 publica
976 1992 1131 2060 Illinoiensi,
1160 1999 1187 2045 ot

120 2091 186 2155 post
204 2085 410 2156 quadriennium
429 2089 558 2137 consueta
575 2084 748 2138 Baccalaurei
760 2084 866 2137 Artium
879 2081 1020 2153 privilegia
1032 2087 1058 2135 et
1070 2080 1186 2135 honores

120 2174 237 2244 adeptus
255 2175 284 2227 in
303 2172 456 2227 docentium
476 2171 599 2226 ordinem
612 2172 732 2226 eiusdem
745 2172 851 2243 collegii
868 2177 993 2242 receptus
1007 2189 1073 2223 sum.
1098 2168 1186 2222 Func-

121 2269 221 2333 tusque
239 2279 288 2332 per
307 2262 518 2333 quinquennium
544 2279 654 2315 munere
671 2260 856 2332 praeceptorio
885 2259 1003 2328 tandem,
1032 2258 1106 2330 quod
1132 2259 1187 2311 iam

121 2350 170 2403 diu
189 2351 357 2420 expetebam,
376 2351 531 2404 Berolinum
556 2351 650 2404 transii
669 2356 695 2404 et
713 2369 748 2405 m.
768 2349 880 2404 Octobri
892 2367 916 2404 a.
929 2347 1187 2403 MDCCCLXXXV

119 2439 265 2508 impetravi
283 2445 313 2493 ut
331 2438 433 2493 civibus
453 2438 643 2493 Universitatis
666 2437 820 2492 Fridericae
839 2437 988 2492 Guilelmae
1010 2421 1186 2492 adscriberer.

121 2529 164 2582 Ae
181 2527 242 2597 plus
261 2528 316 2580 iam
335 2532 449 2599 quatuor
467 2545 552 2580 annos
575 2527 603 2579 in
626 2526 722 2580 studiis
746 2525 918 2597 philologieis
942 2533 969 2579 et
991 2525 1186 2597 philosophicis

120 2616 279 2686 consumpsi
305 2617 378 2670 viros
407 2615 520 2670 audiens
542 2615 726 2669 doctissimos:
755 2616 876 2684 Bastian,
905 2615 940 2669 du
959 2614 1187 2686 Bois-Reymond,

121 2704 240 2774 Curtius,
259 2705 373 2774 Dessau,
391 2705 525 2774 Deussen,
544 2704 629 2773 Diels,
648 2704 812 2774 Hirschfeld,
824 2704 947 2775 Hoffory,
958 2704 1080 2773 Hiibner,
1093 2703 1187 2758 Kirch·

121 2793 186 2863 hoff,
206 2793 371 2866 Oldenberg,
389 2794 515 2863 Paulson,
535 2794 573 2848 Io.
585 2792 717 2862 Schmidt,
726 2793 840 2861 Vahlen,
850 2793 962 2861 Weber,
971 2792 1071 2858 Weiss,
1091 2793 1186 2849 Zeller.

120 2882 366 2938 Exercitationibus
394 2884 473 2937 etiam
502 2881 673 2954 philologicis
698 2883 816 2953 quinque
837 2881 945 2935 interfui
968 2882 1109 2935 semestris
1131 2899 1187 2935 mo-

121 2972 280 3026 derantibus
307 2973 437 3026 Hubnero
467 2977 494 3025 et
521 2971 651 3026 Vahleno.
703 2971 753 3025 His
781 2971 845 3025 viris
876 2971 1009 3039 omnibus,
1036 2971 1065 3023 in
1092 2971 1185 3042 primis

121 3060 262 3130 Hdbnero,
281 3061 409 3130 Webero,
428 3061 551 3115 Vahleno
581 3061 681 3132 optime
709 3061 744 3114 de
771 3060 944 3128 merueritis,
973 3060 1072 3130 gratias
1090 3077 1141 3131 ago
1160 3067 1187 3115 et

121 3149 284 3204 iustissimas
311 3157 337 3204 et
359 3151 521 3206 verissimas.
558 3150 674 3221 Insignis
702 3168 765 3204 vero
794 3149 948 3220 benignitas
978 3167 1040 3220 erga
1067 3167 1111 3203 me
1137 3148 1188 3203 fuit

123 3237 247 3292 Hiibneri
265 3239 377 3310 eiusque
395 3239 507 3293 consilia
526 3257 587 3292 cum
604 3239 632 3291 in
651 3238 749 3293 studiis
768 3239 835 3292 meis
853 3227 984 3292 universis
1008 3244 1065 3291 tum
1083 3238 1110 3290 in
1128 3236 1187 3290 rhe-

122 3326 223 3394 toricis,
244 3326 315 3380 unde
335 3326 489 3381 dissertatio
509 3328 552 3381 cui
570 3327 676 3399 legibus
697 3327 841 3380 obsecutus
860 3326 1020 3380 academicis
1033 3325 1103 3380 hanc
1115 3326 1187 3379 vitae

122 3414 333 3486 descriptionem
352 3416 465 3470 adnecto
484 3416 607 3487 profecta
626 3421 675 3485 est,
694 3417 857 3486 permultum
875 3433 918 3470 me
937 3415 1104 3471 adiuverunt.

527 3693 737 3714 ἡ..
778 3699 788 3703 -
