2746 4560
644 239 687 302 85

131 416 328 481 cumulatum
357 426 415 482 est.
467 416 605 480 Ineunte
633 416 721 480 enim
744 438 855 481 mense
878 415 1056 480 Novembri
1079 411 1194 480 Cicero

128 523 272 588 nondum
296 525 427 587 tertium
451 522 490 587 de
510 522 629 588 ‘officiis
646 522 764 587 librum
785 522 962 608 perfecerat
984 519 1037 606 (cf.
1056 521 1106 587 ad.
1123 523 1193 587 Att.

130 632 181 715 16,
202 633 253 714 11,
271 626 315 714 4),
340 629 478 694 Romam
502 640 608 695 autem
631 629 729 695 rediit
757 653 787 694 a.
810 629 839 694 d.
862 629 900 694 V.
924 628 1013 694 Idus.
1035 629 1113 694 Dec.
1138 626 1192 712 (of.

128 736 170 802 ad
193 737 268 802 fam.
289 739 339 821 11,
357 733 392 820 5)
416 747 512 822 atque
535 736 675 802 inde'ab
699 737 761 801 hoc
778 745 920 822 tempore
937 759 1037 822 usque
1055 736 1096 800 ad
1111 759 1193 801 mor-

128 854 195 908 tem
217 867 328 910 rursus
353 867 464 909 omnes
488 844 615 910 videtur
644 867 736 910 curas
760 845 1035 930 cogitationesque
1063 845 1097 908 in
1125 866 1192 908 rem

128 952 291 1037 publicam
315 952 500 1016 contulisse.

217 1059 382 1124 Libellum
406 1082 480 1144 ergo
506 1059 545 1124 de
572 1060 801 1145 partitionibus
829 1059 982 1123 oratoriis
1002 1055 1115 1123 Cicero
1139 1081 1193 1122 ex·

128 1177 231 1230 tremo
254 1166 320 1230 fere
345 1189 429 1230 anno
454 1167 494 1230 ab
511 1167 589 1230 urbe
612 1165 742 1230 condita
759 1165 1044 1250 septingentesimo
1068 1164 1192 1229 decimo

128 1274 323 1359 conseripsit
347 1296 384 1338 eo
408 1274 553 1355 consilio,
579 1282 614 1337 ut
641 1273 744 1337 filium
766 1273 907 1338 Athenis
935 1273 1194 1358 peregrinantem

128 1380 162 1443 in
198 1379 312 1445 studiis
347 1380 581 1466 philosophicis
616 1391 648 1444 et
681 1380 850 1445 rhetoricis
885 1379 1053 1445 adiuvaret
1086 1389 1118 1443 et
1152 1378 1194 1443 ad

127 1496 298 1572 utrumque
334 1509 435 1568 genus
471 1486 657 1571 diligentius
694 1487 863 1551 colendum
897 1488 1056 1551 incitaret.
1109 1483 1192 1552 Cum

127 1603 235 1658 autem
270 1594 366 1658 simul
401 1596 607 1680 praecipuam
642 1595 675 1657 in
711 1594 933 1658 distribuendo
961 1593 1192 1680 partiendoque

125 1700 290 1766 collocans
314 1723 445 1786 operam
473 1724 577 1787 neque
602 1701 643 1766 ad
676 1724 778 1766 novos
814 1701 970 1766 accedens
1005 1701 1111 1766 fontes
1136 1700 1192 1765 sed

127 1809 304 1874 maximam
326 1820 451 1896 partem
480 1834 522 1874 ex
549 1810 616 1875 suis
644 1810 746 1895 ipsius
775 1809 867 1874 libris
897 1833 1046 1874 eorumve
1074 1831 1192 1873 memo·

125 1917 175 1981 ria
197 1915 349 1982 hauriens
366 1918 475 1982 omnia
491 1941 587 2002 quam
603 1917 843 1981 accuratissime
868 1916 1192 2001 emendatissimeque

126 2034 314 2108 persecutus
340 2026 390 2107 sit,
421 2025 707 2110 quotienscumque
731 2024 891 2088 sententia
919 2025 987 2089 eius
1017 2023 1056 2087 de
1084 2022 1192 2108 aliqua

127 2140 217 2216 parte
242 2130 406 2195 doctrinae
430 2131 608 2195 rhetoricae
632 2154 714 2216 quae
736 2131 833 2194 fuerit
857 2132 1028 2216 quaeritur,
1055 2152 1114 2194 nec
1140 2154 1191 2194 va·

125 2239 175 2301 ria
199 2237 267 2302 eius
292 2239 418 2322 neglegi
447 2237 568 2302 iudicia
596 2238 654 2303 sed
684 2238 710 2303 si
740 2261 831 2323 quae¹
850 2249 983 2325 apparet
1009 2238 1191 2324 progressio

123 2343 324 2409 considerari
349 2355 381 2409 et
403 2345 618 2410 Partitionum
642 2355 822 2432 praecepta,
848 2369 922 2430 non,
947 2357 983 2409 ut
1005 2347 1076 2410 fieri
1100 2344 1190 2428 solet,

126 2453 348 2537 praetermitti,
386 2453 442 2516 sed
465 2463 501 2516 ut
535 2455 678 2517 omnium
715 2463 858 2518 extrema
893 2464 924 2518 et
959 2453 1192 2538 cogitatissima

122 2560 265 2643 spectari
290 2560 429 2624 maxime
453 2569 588 2646 oportet.
