2746 4560
359 697 683 780 SENTENTIAE
712 693 1124 780 controversam.

236 976 266 1046 Ι.
297 979 349 1044 Ex
367 978 601 1064 Euthyphrone
621 977 765 1042 Platonis
791 999 900 1041 eruere
923 976 1006 1041 velle
1030 999 1126 1062 quam
1152 977 1261 1060 scrip-

299 1107 349 1161 tor
383 1118 492 1160 veram
522 1095 644 1181 putarit
666 1095 721 1159 τοῦ
744 1092 832 1159 ὁσίου
856 1093 1075 1157 definitionem
1099 1115 1259 1178 perverse

299 1211 540 1297 interpretantis
565 1221 623 1276 est.

220 1442 266 1509 H.
296 1443 338 1507 In
365 1442 596 1508 Demosthenis
620 1441 778 1528 Leptinea
812 1443 832 1520 ξ
858 1442 899 1507 15
934 1444 1034 1508 verba
1064 1465 1146 1527 quae
1180 1451 1263 1506 sunt

300 1561 354 1623 καὶ
376 1561 411 1648 τῇ
433 1557 611 1644 βεβαιότητι
634 1560 743 1644 spuria
766 1581 838 1624 esse
862 1580 989 1623 censeo,

209 1791 270 1857 ΠΙ.
302 1791 352 1856 De
380 1799 484 1856 aetate
511 1789 741 1856 Demosthenis
770 1814 851 1876 quae
878 1790 913 1855 in
939 1789 1087 1854 Midiana
1114 1785 1148 1872 (ξ
1175 1785 1261 1873 154)

302 1908 423 1993 scripta
446 1915 521 1972 sunt
544 1929 616 1971 cum
640 1907 680 1971 iis
705 1930 786 1992 quae
811 1907 986 1992 exprimis
1011 1907 1079 1970 eius
1102 1905 1261 1970 orationi·

301 2025 361 2088 bus
386 2023 580 2108 colliguntur
602 2046 667 2087 non
691 2024 873 2088 necessario
892 2022 1073 2108 discrepare
1088 2030 1260 2108 putantur,

212 2254 271 2321 IV.
303 2251 400 2334 Quod
425 2253 539 2321 Cicero
563 2256 598 2319 in
620 2255 721 2320 Bruto
746 2252 790 2340 (4,
816 2251 871 2339 15)
896 2255 975 2320 dicit
996 2256 1118 2339 Attico,
1145 2255 1261 2319 admo-

301 2372 405 2436 nitum
433 2395 467 2437 se
493 2371 616 2436 Annali
648 2373 717 2437 eius
750 2395 821 2437 esse
840 2371 887 2436 'ut
915 2373 954 2437 ab
994 2394 1030 2436 eo
1062 2370 1185 2457 aliquid
1216 2371 1259 2436 ad

303 2511 337 2552 se
359 2487 569 2552 reficiendum
593 2511 728 2574 eumque
751 2488 1021 2553 remunerandum
1046 2498 1198 2571 sumeret,
1224 2487 1259 2550 id

302 2604 421 2668 iniuria
454 2614 589 2688 negatur
623 2604 664 2669 ad
697 2605 783 2669 hunc
805 2606 914 2692 ipsum
940 2604 1059 2670 librum
1087 2599 1260 2669 Ciceronis

301 2719 422 2784 referri.

229 2951 269 3017 V.
300 2952 340 3017 In
363 2949 531 3018 Ciceronis
554 2953 787 3018 Partitionibus
812 2951 971 3018 Oratoriis
1000 2954 1030 3036 2,
1055 2954 1075 3017 6
1103 2962 1180 3037 post
1203 2974 1262 3038 ap·

302 3069 444 3154 pellandi
468 3070 602 3134 verbum
624 3069 843 3155 reponendum
868 3078 917 3135 est
940 3078 1003 3135 aut
1026 3091 1084 3155 pro
1109 3079 1158 3134 ut.

215 3299 271 3364 VI.
303 3299 429 3364 Ibidem
454 3275 506 3383 11,
532 3301 573 3365 39
602 3302 773 3367 scribenda
801 3313 888 3368 sunt:
920 3354 927 3368 .
953 3354 960 3368 .
986 3353 993 3367 .
1018 3303 1121 3367 oratio
1144 3302 1264 3367 incon·

305 3424 407 3499 stans,
437 3425 568 3500 tremor,
598 3440 708 3483 eorum
735 3418 858 3504 aliquid
886 3442 983 3505 quae
1012 3441 1110 3484 sensu
1132 3419 1261 3506 percipi

303 3533 457 3618 possint
479 3529 533 3616 (cf.
559 3531 597 3597 de
617 3534 682 3599 inv.
708 3537 738 3618 2,
763 3537 793 3619 9,
820 3536 875 3618 303
902 3538 931 3619 2,
958 3537 1010 3618 10,
1037 3530 1104 3617 33).
