2746 4560
661 239 704 302 23

147 417 247 502 probe
282 416 315 480 in
339 415 574 480 Partitionibus
609 415 690 479 haec
717 416 849 479 nomina
877 415 1062 480 nativorum
1091 423 1123 479 et
1145 436 1218 499 pro-

148 524 293 609 priorum
316 533 351 587 ut
374 521 455 585 illud
479 527 520 585 ad
544 521 702 605 originem
730 523 916 605 verborum,
952 521 1014 586 hoc
1037 521 1079 585 ad
1101 531 1222 584 tracta·

149 632 270 695 tionem
295 626 329 711 (ξ
347 624 402 711 17)
426 629 597 714 pertineat.
633 628 678 691 Et
700 628 787 693 idem
811 628 978 694 dividendi
1002 629 1117 693 vitium
1134 628 1221 713 quod

148 738 243 802 modo
281 735 510 822 deprendimus
546 736 675 820 penitus
711 736 745 798 in
781 745 848 799 tota
876 736 996 821 triplici
1025 736 1222 821 simplicium

149 845 327 930 partitione
352 847 507 906 versatur.
543 841 590 906 Ut
614 844 699 906 enim
723 843 884 927 inprime
907 865 1025 925 genere
1049 855 1081 906 et
1096 865 1173 907 usus
1190 852 1221 906 et

151 952 240 1034 origo
266 950 446 1031 verborum,
472 949 518 1013 ita
541 949 575 1012 in
599 949 699 1013 altero
723 971 840 1032 genere
865 971 951 1031 usus,
977 950 1012 1012 in
1035 950 1129 1013 tertio
1153 973 1222 1012 rur·

152 1081 207 1123 sus
232 1058 322 1140 origo
347 1066 518 1142 spectatur.
567 1053 753 1140 Sequuntur
779 1057 814 1119 in
836 1055 1072 1121 Partitionibus
1096 1065 1223 1142 reperta

152 1167 221 1230 sive
245 1164 330 1228 lacta
354 1174 385 1227 et
408 1175 527 1227 novata
551 1160 585 1246 (ὅ
603 1160 668 1246 16),
700 1185 783 1248 quae
806 1163 938 1227 tertium
962 1172 1038 1226 sunt
1061 1185 1163 1246 genus
1187 1164 1222 1225 in

154 1272 211 1336 lib.
237 1271 276 1334 de
300 1294 344 1335 or.
392 1269 484 1335 Haec
508 1280 615 1334 autem
639 1271 673 1333 in
694 1269 940 1353 Partitionibus,
971 1270 1103 1334 notione
1127 1256 1242 1332 huius*

153 1379 280 1463 generis
304 1378 400 1463 paulo
423 1378 520 1442 latius
549 1386 694 1463 patente,
731 1378 839 1442 omnia
868 1377 1124 1462 complectuntur
1148 1377 1223 1440 sim·

152 1486 251 1572 plicia
274 1508 355 1570 quae
384 1508 449 1549 11011
478 1494 553 1550 sunt
580 1485 705 1568 nativa,
736 1508 802 1548 non
824 1484 1048 1548 tantummodo
1072 1484 1159 1548 faeta
1182 1484 1222 1549 ab

151 1593 223 1678 ipso
247 1602 375 1656 oratore
399 1605 431 1656 et
454 1615 538 1656 nova
562 1588 616 1674 (of.
642 1591 681 1654 de
706 1615 751 1655 or.
778 1594 806 1674 3,
826 1592 878 1673 38,
903 1592 980 1674 1543
1006 1615 1051 1655 or.
1076 1592 1129 1674 24,
1154 1587 1222 1672 80).

153 1697 248 1779 Quod
273 1710 308 1762 ut
331 1700 377 1763 ita
400 1700 631 1781 institueretur,
656 1709 772 1762 natura
795 1699 842 1762 rei
865 1698 1059 1784 postulabat,
1084 1721 1149 1762 non
1174 1721 1223 1763 so·

152 1808 219 1871 lum
243 1816 278 1870 ut
303 1807 465 1871 absolutio
490 1816 576 1870 esset
598 1806 632 1870 in
656 1807 844 1891 partitione,
881 1806 979 1869 nullis
1003 1806 1124 1869 relictis
1149 1805 1224 1870 sim-

152 1915 305 2000 plicibus,
331 1913 389 1978 sed
413 1914 510 1977 etiarn
535 1936 572 1977 eo
597 1913 683 1997 quod
708 1935 790 1997 quae
814 1912 977 1976 semelen
1001 1912 1120 1975 nativis
1139 1911 1225 1998 facta

153 2032 237 2104 sunt,
270 2043 308 2084 ea
334 2031 463 2105 reperta
492 2029 524 2084 et
546 2033 667 2083 novata
690 2015 823 2083 manent
847 2020 1037 2082 etiamtum
1062 2041 1136 2082 cum
1158 2019 1224 2082 iam

153 2151 238 2192 nova
267 2128 448 2191 existimari
476 2150 542 2190 non
571 2137 717 2211 possunt.
763 2127 807 2190 Et
834 2136 1034 2211 repertorum
1058 2125 1223 2211 aliquanto

154 2235 284 2319 politior
307 2235 340 2298 in
365 2234 600 2298 Partitionibus
625 2247 675 2297 est
699 2233 895 2298 distributio.
930 2233 1044 2298 Ieiuno
1069 2235 1156 2297 enim
1178 2233 1225 2296 di·

159 2341 308 2405 scrimine
332 2341 504 2404 verborum
535 2363 576 2404 ex
599 2341 825 2404 coniunctione
850 2353 881 2404 et
905 2341 975 2404 sine
999 2340 1225 2404 coniunctione

154 2447 315 2510 factorum
345 2442 398 2529 (de
423 2469 468 2510 or.
495 2448 524 2529 3,
550 2447 603 2530 38,
631 2442 709 2529 154)
738 2448 857 2512 omisso
887 2447 1114 2512 discernuntur
1141 2469 1224 2533 quae

155 2554 378 2637 similitudine,
404 2554 593 2638 imitatione,
619 2554 802 2638 inflexione,
829 2555 1037 2620 adiunctione
1053 2564 1225 2620 novantur.

154 2661 205 2726 De
229 2662 348 2725 nativis
373 2675 405 2725 et
427 2663 567 2747 repertis
591 2663 758 2728 hactenus.
804 2663 953 2728 Alteram
984 2686 1080 2749 quam
1104 2663 1228 2746 signifi-

156 2770 302 2836 cavimus
327 2769 571 2835 distinctionem
593 2770 772 2855 respiciens
797 2767 912 2835 Cicero
941 2772 1080 2856 primum
1103 2770 1138 2833 in
1163 2769 1226 2832 duo

155 2878 240 2942 inter
269 2901 303 2944 se
332 2879 481 2963 opposita
509 2901 628 2961 genera
663 2901 701 2942 ea
728 2878 828 2942 verba
856 2878 974 2963 digerit
1002 2899 1085 2962 quae
1113 2887 1228 2940 natura

157 2987 351 3068 sonantiora,
376 2986 558 3070 grandiora,
582 2986 714 3069 leviora,
740 2984 894 3048 nitidiora
918 2997 992 3050 sunt
1016 2994 1048 3048 et
1071 3006 1152 3068 quae
1176 2983 1227 3048 his

159 3094 318 3156 contraria
347 3090 382 3176 (ξ
406 3087 471 3174 17).
518 3093 628 3156 Minus
657 3102 765 3156 autem
794 3101 867 3176 apte
896 3093 931 3155 in
948 3077 1014 3156 lib.
1043 3091 1084 3155 de
1112 3113 1156 3156 or.
1181 3088 1226 3174 (3,

160 3199 211 3280 37,
238 3196 315 3282 150)
353 3212 385 3263 01
413 3201 446 3263 in
476 3198 613 3264 Oratore
637 3198 703 3282 (24,
729 3194 786 3281 80)
814 3200 1010 3263 mentionem
1034 3199 1153 3283 optime
1178 3221 1228 3263 so·

160 3306 306 3368 nantium
329 3307 552 3371 tantummodo
575 3307 610 3370 in
634 3306 772 3392 propriis
796 3306 882 3390 facit,
909 3317 942 3371 ut
966 3308 993 3371 si
1016 3308 1051 3370 in
1066 3307 1131 3371 illis
1149 3306 1227 3371 solis

160 3411 285 3496 possint
318 3413 467 3477 inveniri.
515 3413 642 3477 Deinde
670 3415 861 3478 tractatione
897 3415 1037 3499 quinque
1072 3414 1227 3478 exsistere

160 3540 279 3602 genera
303 3519 499 3604 simplicium
524 3521 722 3585 demonstrat
745 3517 779 3604 (ἓ
798 3519 862 3604 17),
888 3523 1027 3607 propria,
1053 3520 1163 3584 addita
1187 3519 1228 3583 ad

159 3648 287 3708 nomen,
313 3648 398 3690 nova
421 3622 475 3708 (cf.
501 3627 540 3690 de
565 3651 610 3691 or.
636 3632 664 3710 3,
691 3629 743 3711 38,
771 3629 848 3710 154;
874 3651 918 3692 01.
944 3629 996 3709 24,
1022 3623 1088 3707 80),
1121 3626 1229 3711 prisca

160 3730 214 3816 (cf.
241 3732 280 3797 de
305 3756 349 3796 or.
376 3736 404 3816 3,
424 3734 475 3816 38,
496 3734 574 3816 1533
600 3757 645 3798 or.
670 3736 722 3816 24,
741 3731 807 3816 80),
832 3734 1017 3798 modificata
1040 3747 1072 3797 et
1094 3733 1226 3816 inflexa,

160 3863 243 3926 quae
267 3841 375 3905 omnia
399 3850 526 3926 praeter
548 3841 655 3925 ipsum
678 3863 797 3904 nomen
820 3841 947 3923 generis
977 3841 1113 3904 extremi
1136 3853 1168 3905 et
1191 3865 1229 3906 ea

160 3972 241 4034 quae
271 3948 382 4012 addita
411 3947 452 4012 ad
482 3970 599 4011 nomen
623 3947 838 4033 appellantur,
870 3961 901 4012 et
924 3949 958 4012 in
981 3949 1038 4013 lib.
1064 3948 1103 4012 de
1126 3972 1172 4013 or.
1198 3958 1229 4013 et

159 4057 194 4119 in
225 4054 360 4120 Oratore
398 4067 611 4142 exponuntur.
656 4054 697 4118 In
733 4056 849 4140 quibus
880 4056 973 4121 libris
1006 4066 1113 4140 partes
1147 4078 1227 4141 quas
