2746 4560
659 214 700 279 36

147 393 243 480 paulo
279 393 373 457 aliter
407 401 592 476 comparata
626 390 667 456 ad
695 390 947 477 imprudentiam
974 389 1162 454 referuntur
1184 388 1218 452 in

150 501 208 566 lib.
233 499 273 564 de
296 500 362 564 inv.
387 496 431 582 (1,
450 499 501 581 21,
519 493 588 579 41).
642 497 800 583 Reliquus
830 498 930 562 estis
955 498 1045 561 locus
1071 496 1127 582 qui
1152 495 1219 560 effi·

150 609 232 672 citur
257 629 296 670 ex
320 629 427 670 rerum
454 607 720 691 negotiorumque
749 606 873 669 naturis
903 600 969 688 (10,
989 605 1045 685 343
1079 606 1132 687 11,
1152 598 1217 686 38).

151 716 279 779 Nomen
302 714 400 797 igitur
423 714 624 796 negotiorum
649 736 690 776 ex
718 713 775 776 lib.
800 712 840 776 de
863 713 928 776 inv.
954 711 1148 776 arcessitum
1172 720 1220 775 est

151 821 208 886 sed
233 820 449 905 compluribus
475 842 555 905 quae
580 819 654 884 huic
670 818 741 883 loco
765 819 800 882 in
823 818 889 883 illis
905 819 997 883 libris
1015 818 1219 882 subiciuntur

151 929 214 992 alio
239 928 403 992 translatis
427 927 649 992 tantummodo
679 927 718 990 de
741 927 845 991 tribus
873 926 1032 990 bonorum
1061 934 1094 990 61
1122 925 1219 989 malo·

151 1059 221 1099 rum
246 1036 419 1121 generibus
444 1035 617 1119 quaeritur.

240 1142 294 1207 Ad
318 1142 377 1206 bos
392 1142 481 1205 locos
499 1141 621 1204 indicia
644 1140 803 1225 quaedam
828 1139 984 1203 accedunt
1005 1161 1087 1224 quae
1104 1136 1219 1204 Cicero

152 1251 290 1334 vestigia
313 1250 390 1313 facti
415 1248 566 1333 appellat.
612 1249 663 1330 Et,
690 1270 884 1332 quamquam
914 1246 976 1310 hoc
998 1247 1132 1310 nomine
1157 1248 1218 1312 nisi

152 1359 187 1422 in
210 1357 443 1421 Partitionibus
478 1379 543 1419 non
567 1357 674 1438 utitur,
712 1378 813 1440 genus
842 1355 948 1440 ipsum
977 1364 1009 1418 61
1035 1355 1069 1417 in
1099 1355 1158 1419 lib.
1183 1356 1219 1418 de

152 1465 219 1527 inv.
254 1461 298 1546 (1,
317 1465 368 1545 30,
386 1462 441 1533 48)
478 1472 510 1526 61
544 1463 577 1526 in
612 1463 669 1527 lib.
694 1462 733 1526 de
757 1487 801 1527 or.
831 1459 875 1545 (2,
894 1463 945 1544 40,
966 1456 1043 1543 110)
1080 1462 1219 1546 attingit.

154 1568 313 1654 Quodque
337 1569 377 1633 de
401 1569 468 1633 veri
493 1569 654 1635 similibus
679 1579 733 1633 aut
757 1569 946 1655 singillatim
971 1580 1026 1632 aut
1051 1570 1220 1634 coniuncte

154 1676 346 1741 adhibendis
382 1677 480 1760 addit,
517 1676 604 1740 idem
637 1677 704 1742 fere
739 1678 774 1741 in
810 1677 951 1742 secundo
982 1677 1022 1740 de
1047 1677 1116 1742 inv.
1140 1678 1219 1742 libro

154 1785 339 1848 coniectura
366 1793 503 1848 tractata
530 1783 678 1868 adiungit
706 1782 751 1867 (2,
777 1786 827 1868 14,
849 1780 917 1864 46).
970 1784 1021 1848 151
1051 1796 1161 1849 autem
1184 1784 1220 1848 de

154 1892 301 1977 exemplo
326 1900 358 1955 et
380 1892 427 1955 rei
451 1890 663 1956 similitudine
687 1893 845 1977 praecipit
867 1892 1083 1977 inprobabili
1107 1916 1220 1978 genere

156 1998 443 2084 argumentationis
468 1998 660 2084 explicando
677 1998 731 2081 (cf.
748 2022 778 2085 p.
797 2023 841 2063 or.
859 2000 879 2076 ἓ
895 2001 953 2080 403
980 1999 1019 2063 de
1035 2000 1104 2064 inv.
1125 2005 1153 2085 1,
1171 2002 1217 2082 29,

154 2108 197 2171 46
216 2101 311 2191 sqq.).
358 2105 502 2170 Fabulae
526 2115 692 2191 praeterea
715 2108 913 2171 mentionem
936 2108 970 2170 in
986 2106 1215 2173 Partitionibus

154 2214 245 2296 facit,
276 2214 365 2277 cuius
394 2214 443 2277 vis
472 2223 592 2298 quanta
620 2214 663 2277 sit
686 2213 799 2277 edocet
826 2215 860 2277 in
888 2214 944 2278 lib.
971 2213 1010 2277 de
1035 2237 1082 2279 61.
1107 2211 1154 2299 (2,
1172 2217 1214 2296 59,

156 2315 245 2402 240).
291 2320 378 2402 Ergo
402 2321 436 2383 in
459 2320 510 2384 his
535 2343 671 2406 quoque,
697 2321 790 2385 utin
814 2322 963 2385 omnibus
987 2321 1053 2384 1616
1077 2345 1162 2407 quae
1185 2321 1221 2386 ad

156 2427 244 2490 locos
269 2427 471 2490 coniecturae
498 2427 674 2511 pertinent,
705 2429 785 2512 ipsis
814 2428 1042 2512 partitionibus
1073 2429 1222 2494 distribu-

159 2533 366 2616 tionibusque
402 2534 544 2616 exceptis
580 2534 705 2618 reliqua
744 2534 841 2598 etiam
876 2535 910 2597 in
946 2534 1019 2598 aliis
1056 2532 1222 2601 Ciceronis

159 2640 250 2704 libris
275 2639 493 2703 inveniuntur.

162 2791 165 2794 -
247 2742 475 2810 Coniecturam
499 2746 644 2830 sequitur
668 2746 825 2830 definitio,
863 2748 952 2811 cuius
976 2749 1121 2813 breviter
1144 2749 1222 2814 ratio

160 2863 192 2917 et
227 2855 280 2918 via
314 2853 493 2938 explicatur
521 2849 587 2936 (12,
612 2852 679 2936 41).
728 2853 777 2918 De
805 2854 866 2918 hac
893 2880 927 2919 re
955 2855 989 2918 in
1013 2856 1070 2919 lib.
1097 2857 1138 2922 de
1161 2858 1222 2920 inv.

160 2984 241 3046 quae
266 2961 429 3046 disputata
458 2970 533 3025 sunt
561 2971 629 3025 tum
653 2961 747 3025 nobis
772 2961 1007 3025 consideranda
1034 2972 1131 3026 erunt
1156 2986 1224 3028 cum

160 3068 199 3132 de
223 3069 403 3154 praeceptis
426 3069 553 3153 generis
577 3069 738 3133 iudicialis
762 3070 900 3154 propriis
922 3069 1076 3134 dicemus.
1109 3071 1150 3135 ln
1166 3082 1224 3134 ter·

158 3177 203 3238 tio
228 3186 333 3239 autem
360 3174 398 3239 de
422 3187 546 3240 oratore
569 3176 652 3241 libro
677 3172 721 3259 (3,
748 3177 799 3259 29,
828 3173 905 3257 115)
930 3173 1044 3241 Cicero
1066 3176 1224 3243 definitio-

159 3303 234 3344 nem
268 3282 337 3346 eius
372 3282 460 3345 modi
495 3305 565 3347 esse
601 3282 742 3347 ostendit
773 3283 808 3346 in
834 3305 898 3367 qua
928 3297 1101 3367 quaeratur
1125 3286 1165 3350 de
1189 3308 1224 3349 eo

159 3388 245 3474 quod
269 3390 303 3452 in
328 3391 489 3453 communi
512 3399 619 3453 mente
641 3390 833 3474 impressum
859 3392 910 3473 sit,
936 3390 975 3453 de
1000 3393 1158 3478 cuiusque
1180 3393 1227 3458 161

159 3495 423 3582 proprietatibuS,
460 3498 618 3582 partibus,
654 3496 757 3559 forma
785 3506 816 3560 et
851 3498 943 3582 quasi
970 3500 1112 3563 naturali
1140 3511 1225 3565 nota.

159 3605 202 3668 Et
225 3605 259 3667 in
276 3603 406 3688 Topicis
430 3601 496 3688 (22,
522 3605 579 3685 83;
605 3603 644 3668 61.
666 3607 695 3686 5,
715 3606 755 3669 21
775 3600 860 3689 sqq.)
884 3605 1058 3688 notionem,
1085 3609 1227 3694 proprie·

159 3721 268 3794 tatem,
294 3712 496 3795 divisionem,
522 3712 737 3797 partitionem,
770 3711 1019 3796 descriptionem
1045 3712 1228 3781 definitioni

160 3820 318 3883 attribuit.
350 3819 447 3882 Notio
473 3830 578 3882 autem
603 3817 684 3881 illud
708 3828 756 3882 est
780 3818 866 3904 quod
889 3819 923 3881 in
941 3823 1104 3884 communi
1120 3833 1229 3888 mente

160 3926 353 4011 impressum
389 3926 431 3990 sit
458 3923 513 4007 (61,
543 3935 607 4011 top.
637 3927 666 4008 5,
693 3925 749 4007 21,
779 3926 808 4007 6,
836 3921 905 4007 31),
943 3924 981 3987 dc
1011 3925 1175 3995 divisione
1199 3941 1232 3996 et

122 4049 123 4052 ’
160 4033 334 4117 partitione
358 4034 521 4117 quaeritur
544 4056 616 4096 cum
640 4055 692 4096 res
712 4033 746 4095 in
761 4042 869 4116 partes
887 4031 1100 4118 distribuitur,
1128 4061 1231 4125 eaque
