2746 4560
664 228 704 292 12

152 406 242 487 citur,
273 406 414 490 suspicio
439 405 553 470 abesse
577 427 642 468 non
671 413 778 490 potest
806 405 884 490 quin
909 405 970 470 hoc
993 405 1088 469 modo
1112 404 1216 489 magis

148 512 350 596 significetur
384 535 446 597 quo
476 509 590 576 Cicero
617 511 721 576 filium
746 534 840 576 suum
861 511 1026 576 incitando
1050 511 1216 597 impellere

148 619 288 685 voluerit
327 642 422 704 quam
461 641 524 704 quo
563 620 705 684 animum
740 620 808 684 eius
836 643 872 684 re
901 643 977 684 vera
1003 620 1160 683 inclinare
1185 630 1217 683 et

149 726 349 813 propendere
371 726 503 790 viderit.
552 723 722 812 Similique
750 726 875 791 ratione
904 749 944 790 ex
968 727 1008 790 iis
1033 749 1115 810 quae
1138 750 1216 790 non·

149 834 247 898 nullis
263 834 343 898 locis
361 834 400 898 de
415 834 559 898 moribus
577 843 609 898 et
618 834 740 899 officiis
758 833 917 918 dicuntur,
935 834 1024 899 velut
1039 834 1080 910 ἐξ
1095 835 1146 917 70,
1162 835 1213 917 83,

149 950 184 1005 ut
220 941 322 1005 multa
358 963 527 1027 perperam
555 965 574 1005 a
600 941 756 1005 Pideritio
795 941 858 1004 huc
889 942 991 1005 relata
1018 942 1214 1024 omittamus,

148 1048 346 1132 intellegitur
381 1060 471 1134 patre
499 1048 605 1112 iudice
630 1048 727 1112 etiam
755 1049 789 1111 in
813 1046 897 1111 hanc
920 1056 1045 1133 partem
1067 1047 1216 1112 Marcum

148 1155 351 1220 incitamenti
376 1155 542 1220 cuiusdam
566 1154 755 1239 indiguisse.
803 1151 868 1218 Sed
892 1153 980 1238 haec,
1006 1178 1088 1240 quae
1112 1155 1216 1219 adhuc

147 1262 243 1348 paulo
283 1263 450 1327 obscurius
486 1272 668 1355 cernuntur,
709 1270 744 1327 ut
782 1262 855 1326 aliis
892 1264 1054 1347 congestis
1084 1263 1215 1328 indiciis

148 1371 330 1434 clarescant
365 1379 420 1433 aut
455 1368 585 1433 omnino
614 1369 798 1452 obruantur,
835 1369 877 1432 ad
905 1392 943 1433 ea
972 1392 1053 1454 quae
1078 1371 1214 1434 certiora

149 1487 226 1542 sunt
248 1499 429 1562 pergamus

237 1583 414 1670 Praecepta
444 1607 520 1648 vero
550 1581 718 1650 Ciceronis
746 1583 907 1649 rhetorica
934 1585 1019 1648 inter
1047 1608 1081 1649 se
1110 1585 1216 1649 confe-

149 1691 297 1756 rentibus
320 1692 382 1755 tria
406 1702 481 1756 sunt
504 1692 598 1756 nobis
623 1691 859 1756 consideranda
882 1691 924 1755 ad
944 1691 1105 1777 triplicem
1119 1692 1214 1757 huius

149 1797 375 1884 disputationis
414 1800 512 1862 finem
552 1798 804 1863 accommodata.
864 1798 918 1864 Ad
962 1800 1216 1863 controversiam

148 1906 234 1969 enim
269 1929 350 1991 quae
386 1916 435 1970 est
470 1906 509 1969 de
539 1915 682 1991 tempore
707 1905 883 1969 tollendam
906 1905 1056 1969 nonnihil
1078 1906 1215 1971 fortasse

146 2012 244 2077 faciet
268 2023 408 2077 statuere
432 2023 539 2076 utrum
563 2009 677 2077 Cicero
707 2012 931 2098 progrediente
961 2021 1065 2077 aetate
1089 2024 1215 2078 senten·

146 2121 227 2184 tiam
261 2143 353 2185 suam
388 2120 427 2184 de
463 2118 610 2184 doctrina
638 2119 766 2184 dicendi
794 2119 965 2183 emendare
994 2128 1026 2184 et
1056 2120 1215 2204 corrigere

147 2227 307 2292 studuerit
333 2250 434 2292 necne
464 2236 504 2312 et,
542 2229 570 2293 si
597 2228 779 2313 progressio
803 2227 911 2313 aliqua
934 2228 969 2290 in
992 2226 1121 2290 iudiciis
1146 2227 1214 2290 eius

149 2333 349 2418 deprehensa
382 2337 455 2418 erit,
494 2358 590 2420 quem
624 2358 661 2400 ea
694 2345 838 2421 spectata
865 2333 1099 2398 Partitionibus
1136 2332 1215 2397 Ora-

148 2441 240 2504 toriis
278 2441 386 2505 locum
418 2443 452 2504 in
483 2441 640 2505 librorum
668 2442 890 2507 Tullianorum
930 2441 1012 2504 serie
1045 2440 1215 2525 adsignare

148 2548 254 2612 liceat.
305 2548 418 2633 Neque
457 2549 543 2612 enim
575 2572 615 2612 ex
653 2549 714 2613 hac
742 2559 832 2634 parte
856 2549 992 2612 multum
1016 2547 1114 2612 refert
1137 2568 1215 2610 eane

150 2655 189 2719 de
218 2656 334 2740 quibus
363 2657 469 2741 agitur
495 2668 666 2741 praecepta
690 2653 804 2720 Cicero
832 2656 955 2741 primus
984 2655 1215 2738 excogitaverit

146 2787 190 2827 an
228 2764 358 2828 aliunde
396 2764 567 2850 adsumpta
604 2765 798 2850 probaverit.
848 2764 934 2827 Nam
961 2763 1031 2826 fieri
1060 2763 1157 2826 etiam
1181 2762 1215 2825 in

148 2871 318 2957 deligendo
347 2881 379 2936 et
402 2872 602 2936 aestimando
627 2873 809 2958 progressio
837 2881 953 2956 potest.
1000 2871 1127 2934 Deinde
1151 2891 1213 2954 quo

148 2979 345 3044 Partitiones
370 2979 540 3044 Oratoriae
576 2980 714 3064 scriptae
744 2981 809 3044 sint
833 2979 968 3044 consilio
994 2988 1028 3041 ut
1051 2989 1212 3063 appareat,

146 3085 324 3150 videndum
348 3097 396 3151 est
419 3087 502 3151 iisne
525 3088 559 3150 in
583 3088 679 3151 rebus
705 3108 785 3171 quae
810 3096 842 3150 et
865 3087 897 3149 in
922 3085 983 3149 hoc
1006 3084 1116 3149 libello
1134 3094 1166 3148 et
1180 3084 1214 3146 in

147 3193 220 3257 aliis
246 3191 412 3258 Ciceronis
438 3194 566 3278 scriptis
594 3202 773 3257 tractantur
794 3193 991 3257 Partitiones
1019 3215 1084 3256 una
1107 3192 1215 3275 aliqua

147 3301 272 3364 ratione
296 3311 351 3364 aut
379 3301 473 3365 certis
498 3301 691 3386 quibusdam
718 3300 898 3364 rationibus
923 3324 942 3364 a
964 3300 1098 3384 reliquis
1121 3298 1213 3362 libris

149 3407 341 3493 discrepent.
387 3408 432 3471 Et
455 3409 607 3492 quoniam
630 3407 735 3472 fontes
764 3430 891 3493 quoque
914 3406 1130 3471 Partitionum
1154 3404 1214 3468 hac

148 3516 387 3600 comparatione
409 3515 569 3601 respicere
596 3515 753 3597 volumus,
791 3515 961 3578 definiatur
989 3524 1116 3600 oportet
1138 3535 1213 3598 qua·

149 3633 242 3688 tenus
272 3646 328 3688 eae
353 3646 392 3687 ex
416 3624 488 3689 aliis
513 3620 680 3688 Ciceronis
710 3623 838 3708 scriptis
865 3623 1030 3708 potuerint
1053 3642 1211 3700 emanare,

147 3741 184 3794 ut
206 3732 252 3795 ita
276 3732 373 3796 etiam
397 3731 503 3796 aditus
532 3730 573 3796 ad
597 3730 819 3815 quaestionem
847 3730 887 3793 de
915 3731 1009 3794 novis
1033 3752 1115 3814 quae
1140 3736 1214 3792 sunt

147 3838 181 3900 in
204 3838 438 3904 Partitionibus
466 3849 584 3924 pateat.
632 3839 741 3924 Atque
765 3838 844 3902 haec
872 3837 1003 3922 quidem
1028 3836 1066 3900 de
1089 3837 1213 3900 ratione

147 3945 365 4030 comparandi.

237 4049 365 4116 Dividit
400 4064 506 4118 autem
537 4050 652 4118 Cicero
676 4053 709 4117 in
734 4051 968 4116 Partitionibus
1004 4073 1131 4114 omnem
1168 4049 1214 4112 di-
