2746 4560
664 215 705 278 79

150 394 222 458 dem
245 394 315 479 ipse
343 415 406 478 quo
435 391 530 458 modo
566 391 712 474 intellegi
747 391 845 456 vellet
878 392 1071 458 monstravit
1094 391 1216 456 addens

149 503 219 566 sine
244 524 281 565 ea
304 500 510 586 philosophia
524 522 629 585 neque
653 499 793 563 inveniri
808 500 998 584 partitiones
1014 521 1118 584 neque
1135 509 1216 563 trac·

149 609 211 674 tari
234 630 339 693 neque
362 607 507 691 intellegi
525 629 620 692 posse
645 605 702 671 sed
726 616 759 670 et
774 606 887 690 partiri
911 607 1017 692 ipsum
1035 617 1067 671 et
1083 605 1217 670 definire

150 726 183 781 et
205 715 349 800 ambigui
372 715 563 800 partitiones
588 713 732 779 dividere
768 713 894 798 aliaque
929 713 963 777 id
998 736 1100 797 genus
1128 713 1217 778 illius

150 822 389 887 exercitationis
414 832 445 885 et
468 821 630 886 subtiliter
654 818 841 904 disputandi
869 831 901 884 et
929 820 1058 905 copiose
1087 818 1217 884 dicendi

150 930 227 994 artis
253 951 323 993 esse
347 930 486 1013 propria.
534 928 626 993 Haec
650 928 765 992 omnia¹
788 927 823 990 in
851 927 908 991 illo
937 927 1054 1012 genere
1077 926 1217 1012 philoso-

149 1037 271 1123 phandi
305 1039 519 1102 versabantur
558 1037 701 1122 penitus3
739 1058 755 1099 e
790 1035 899 1100 media
933 1057 1008 1118 ergo
1038 1031 1219 1098 Academia

150 1167 214 1227 eae,
251 1167 330 1229 quas
356 1155 557 1229 exposuerat,
594 1144 785 1229 partitiones
821 1142 1001 1206 effloruisse
1036 1142 1096 1223 ait,
1133 1139 1218 1225 quod

149 1253 354 1337 perspicuum
379 1260 428 1315 cst
450 1273 514 1315 non
533 1250 572 1314 de
589 1273 652 1314 uno
669 1249 777 1334 aliquo
795 1251 950 1335 scriptore
967 1249 1218 1334 scriptoribusve

117 1369 118 1373 ’
150 1358 343 1444 quibusdam
367 1359 462 1423 certis
487 1358 545 1423 sed
569 1357 608 1421 de
626 1380 743 1441 genere
760 1356 824 1421 dici
840 1356 1072 1443 philosophiae.
1104 1357 1218 1440 Neque

108 1508 110 1511 -
151 1467 236 1530 enim
259 1489 294 1530 re
318 1488 394 1531 vera
418 1487 529 1530 omnes
554 1465 713 1529 oratoriae
728 1466 918 1550 partitiones
943 1466 984 1529 ab
1001 1446 1064 1529 uno
1088 1463 1217 1527 homine

151 1595 255 1637 unave
279 1575 383 1637 aetate
406 1572 558 1638 inventae
587 1583 619 1636 et
647 1572 826 1658 explicatae
855 1572 911 1637 sed
940 1572 1035 1655 longo
1064 1571 1217 1656 temporis

151 1681 255 1765 spatio
279 1680 378 1744 variis
402 1679 542 1763 ingeniis
567 1679 723 1765 paulatim
752 1681 954 1763 excogitatae
983 1690 1014 1743 et
1041 1678 1218 1764 perpolitae

150 1800 235 1854 sunt.
280 1789 356 1855 Non
383 1788 481 1871 igitur
509 1799 595 1851 recte
622 1786 768 1851 iudicant
797 1789 851 1872 qui
883 1786 945 1851 hoc
977 1787 1049 1851 loco
1078 1796 1219 1850 veterem

151 1896 252 1961 solam
275 1892 540 1977 Academiamffi),
570 1894 604 1957 in
633 1917 696 1979 qua
724 1895 822 1958 etiam
846 1893 1078 1979 Peripateticos
1103 1890 1219 1958 Cicero

149 2004 342 2068 numerabat
356 1999 411 2084 (ef.
429 2001 468 2065 de
488 2003 544 2064 fin.
567 2006 596 2081 5,
616 2002 645 2084 3,
666 1998 708 2083 7),
734 2011 790 2065 aut
810 2002 865 2086 qui
885 2025 984 2065 unam
1006 2000 1219 2066 Academiam

149 2105 403 2188 recentioremff)
437 2107 639 2191 intellegunt.
685 2108 755 2172 Nec
782 2131 858 2174 vero
884 2108 992 2173 verbis
1029 2108 1068 2172 de
1103 2108 1219 2192 quibus

150 2219 256 2300 agitur
279 2215 469 2300 partitiones
499 2238 580 2300 quae
608 2225 701 2279 erant
731 2217 898 2301 expositae
922 2217 1024 2299 magis
1049 2215 1219 2280 Aristoteli

153 2334 209 2387 aut
225 2321 448 2407 Theophrasto
465 2323 579 2387 aliisve
604 2346 700 2408 quam
716 2322 780 2409 ipsi
799 2321 958 2406 Ciceroni,
984 2324 1036 2409 qui
1054 2323 1089 2387 in
1104 2323 1217 2408 primis

150 2430 383 2496 Academicam
416 2429 656 2516 philosophiam
691 2432 849 2516 probabat
884 2441 916 2495 et
951 2431 1089 2516 colebat,
1131 2428 1219 2495 attri-

151 2538 303 2602 buuntur.
350 2533 416 2600 Sed
440 2536 479 2600 de
508 2545 663 2623 tempore,
701 2539 847 2621 consilio,
883 2538 1026 2603 fontibus
1062 2561 1143 2623 quae
1179 2559 1220 2601 ex

152 2645 391 2729 comparatione
415 2655 661 2730 praeceptorum
685 2646 776 2730 sequi
802 2646 997 2728 viderentur,
1024 2656 1075 2711 sat
1096 2645 1217 2727 multis,

152 2764 186 2817 ut
210 2751 411 2837 arbitramur,
438 2751 615 2817 docuimus.

240 2859 285 2925 Et
308 2860 461 2944 quoniam
477 2859 675 2925 Partitiones
699 2862 787 2947 ipsas
805 2861 947 2945 artisque
963 2870 1135 2944 praecepta
1150 2879 1219 2942 per·

153 2968 287 3032 scrutati
321 2990 447 3046 sumus,
484 2990 656 3053 possumus
690 2990 777 3031 nunc
813 2968 910 3032 etiam
938 2989 1021 3051 quae
1045 2975 1137 3029 extra
1159 2965 1219 3029 hos

151 3074 233 3138 fines
257 3086 332 3139 sunt
355 3058 615 3159 circiimspicer03
651 3075 686 3138 in
711 3075 828 3159 quibus
852 3075 880 3138 si
904 3072 985 3136 nihil
1008 3072 1141 3158 reperiri
1164 3093 1218 3157 po·

151 3179 227 3242 terit
250 3202 312 3264 quo
336 3205 418 3267 quae
438 3183 503 3246 iam
519 3181 663 3247 adsecuti
680 3205 791 3246 sumus
812 3180 1024 3264 infirmentur,
1050 3181 1129 3244 satis
1144 3178 1220 3243 huic

154 3307 269 3350 causae
304 3309 400 3371 quam
428 3291 553 3373 agimus
581 3290 703 3354 factum
730 3312 800 3355 esse
830 3288 962 3354 debebit
996 3288 1219 3373 cumulateque

154 3392 214 3456 erit
238 3392 446 3479 satisfactum,
480 3397 508 3460 si
532 3419 614 3481 quae
638 3407 733 3461 antea
757 3406 971 3462 statueramus
996 3418 1036 3460 ex
1059 3395 1120 3460 hac
1144 3417 1220 3479 quo·

154 3521 216 3583 que
238 3509 329 3584 parte
352 3499 534 3567 videbimus
560 3505 776 3589 comprobata.
825 3501 921 3584 Quod
953 3505 1015 3568 etsi
1038 3502 1135 3567 alicui
1157 3501 1219 3565 for·

154 3605 238 3670 sitan
265 3607 358 3670 initio
383 3607 619 3693 desperandum
642 3610 790 3675 videatur
811 3611 974 3696 reputanti
997 3632 1101 3695 neque
1128 3606 1220 3674 (lice-

152 3736 265 3778 ronem
294 3713 333 3778 de
356 3713 590 3781 Partitionibus
615 3715 775 3782 Oratoriis
804 3740 941 3802 usquam
967 3717 1002 3781 in
1024 3716 1158 3801 reliquis
1181 3715 1218 3778 li·

243 3872 275 3939 ¹⁶)
295 3870 335 3926 Cf.
355 3870 414 3926 Pid.
434 3869 477 3926 ed.
501 3870 536 3925 ad
554 3871 605 3928 loc.
630 3880 657 3927 ct
681 3872 711 3928 C.
728 3873 865 3928 Hammer.
883 3873 911 3927 in
937 3875 1160 3928 commentatione
1185 3872 1220 3928 de

159 3960 297 4015 Ciceronis
316 3959 434 4030 Topicis,
454 3960 497 4016 ed.
516 3960 639 4016 Landavi
657 3981 680 4018 a.
703 3964 779 4033 1879,
798 3981 825 4033 p.
838 3964 881 4019 24.

243 4050 275 4120 1⁷)
295 4049 336 4107 cf.
356 4049 470 4106 Wallies
488 4049 507 4105 l.
519 4050 547 4121 l.,
566 4069 594 4122 p.
606 4053 650 4108 48.
