2746 4560
664 206 707 271 83

148 411 238 474 opus,
275 409 347 451 cum
379 386 515 451 consilio
539 395 662 449 mutato
686 408 726 448 ex
749 383 865 453 itinere
890 392 1049 468 suscepto,
1085 381 1120 445 in
1156 403 1218 466 quo

150 495 273 580 Topica
296 495 540 578 conscripserat,
576 492 714 557 Romam
741 491 928 556 revertisset
952 506 984 555 et
1006 512 1117 554 rursus
1140 490 1220 563 urbe

149 603 264 666 relicta
297 624 352 665 rus
394 600 546 682 venisset,
582 601 735 684 perficere
770 596 942 682 adgressus
973 607 1023 661 661
1051 607 1082 661 61
1108 618 1220 661 mense

151 707 286 775 Octobri
310 709 343 772 in
368 707 517 772 manibus
541 707 682 770 babebat
710 700 764 788 (of.
789 704 830 768 ad
852 706 923 768 Att.
950 706 1001 787 16,
1030 706 1079 786 11,
1104 705 1140 786 43
1181 702 1220 767 de
1246 708 1256 728 '

151 817 203 881 off.
230 819 259 900 3,
286 817 338 899 33,
366 811 454 897 121).
500 813 574 878 Hoc
597 814 695 897 igitur
718 822 864 897 tempore
893 813 980 875 omni
1005 820 1158 897 exparte
1183 834 1220 875 eo

151 925 242 989 cuius
265 923 387 987 indicia
409 923 443 986 in
467 922 702 986 Partitionibus
727 930 802 985 sunt
826 920 933 984 animo
957 919 992 982 in
1015 920 1119 983 filium
1142 928 1219 983 erat.

151 1030 197 1095 Iis
237 1031 324 1094 enim
363 1053 444 1114 quae
480 1029 519 1093 de
554 1030 699 1092 moribus
723 1028 825 1092 Marci
850 1035 1018 1112 acceperat
1042 1034 1220 1090 commotus

151 1138 291 1222 primum
326 1159 479 1221 praesens
515 1159 589 1199 eum
628 1136 817 1199 confirmare
857 1134 1007 1216 institnit,
1047 1132 1221 1218 impeditus

152 1255 259 1308 autem
285 1267 347 1328 quo
371 1244 478 1307 minus
502 1244 571 1328 ipse
595 1242 745 1306 Athenas
773 1242 899 1306 veniret
925 1241 1018 1305 libris
1054 1239 1221 1304 mittendis

153 1353 270 1416 absens
296 1351 335 1414 de
360 1350 475 1414 officiis
499 1349 645 1414 hortatus
675 1359 724 1413 est
757 1347 811 1432 (cf.
837 1360 964 1433 praeter
986 1348 1020 1411 ll.
1044 1347 1078 1413 ll.
1104 1347 1143 1411 de
1168 1347 1220 1410 off.

155 1460 184 1540 3,
210 1459 240 1540 2,
266 1458 388 1542 5sqq.;
415 1458 444 1540 3,
471 1457 522 1538 33,
550 1452 638 1538 121).
684 1457 754 1520 Nee
792 1456 896 1520 solum
936 1455 1113 1540 sapientiae
1149 1476 1223 1517 eum

152 1565 331 1651 praeceptis
357 1562 522 1628 abundare
547 1564 676 1628 volebat
705 1563 870 1647 signisque
898 1562 1113 1647 amplificatae
1150 1560 1222 1624 doo-

152 1674 255 1736 trinae
290 1671 452 1756 gaudebat
488 1670 545 1735 sed
580 1672 679 1734 etiam
709 1693 766 1755 pro
796 1693 854 1734 sua
877 1679 967 1754 parte
991 1671 1060 1754 ipse
1084 1692 1158 1732 eum
1180 1667 1223 1733 ad

153 1779 260 1844 studia
299 1802 372 1844 oum
407 1778 632 1865 philosophica
669 1787 738 1840 tum
776 1776 937 1841 rhetorica
966 1787 997 1840 et
1025 1775 1156 1861 quidem
1186 1775 1222 1840 in

154 1897 288 1971 utroque
317 1908 434 1969 genere
458 1885 577 1948 Latina
606 1884 746 1948 excitare
770 1885 900 1968 suisque
929 1883 1022 1947 libris
1047 1882 1169 1967 aliquid
1193 1883 1223 1947 ei

155 1993 334 2058 adiumenti
368 1993 401 2056 in
437 1991 488 2055 his
517 1991 632 2055 studiis
662 1991 786 2054 adferre
814 1992 990 2054 conabatur
1027 1988 1080 2072 (cf.
1106 1988 1149 2054 de
1169 1989 1222 2055 off.

156 2104 184 2183 1,
213 2104 240 2184 l,
268 2103 284 2163 1
309 2095 404 2184 sqq).
452 2097 582 2183 Topicis
622 2108 729 2162 autem
768 2097 948 2162 scribendis
983 2097 1079 2161 modo
1115 2097 1155 2160 ad
1190 2095 1224 2160 id

155 2230 256 2290 genus
295 2206 435 2269 redierat
473 2206 506 2268 in
543 2229 605 2291 quo
638 2216 807 2287 versantur
830 2205 1035 2287 Partitiones,
1074 2227 1155 2289 quae
1185 2227 1226 2268 ex

155 2323 262 2377 mente
298 2313 473 2396 scriptoris,
515 2324 549 2376 ut
584 2336 680 2398 supra
714 2312 865 2396 vidimus,
903 2335 939 2376 eo
968 2334 1055 2376 nunc
1084 2311 1224 2397 aptiores

157 2430 249 2483 erant
294 2418 406 2482 Marco
450 2419 536 2504 quod
579 2418 778 2504 aliquamdiu
826 2412 1050 2506 philosophiae
1094 2440 1226 2503 operam

158 2525 300 2591 dederat.

244 2633 323 2697 Alia
357 2633 516 2718 quaedam
549 2633 715 2717 paululum
750 2636 790 2699 ab
826 2633 876 2699 his
905 2656 986 2719 quae
1018 2633 1225 2719 exposuimus

157 2740 294 2824 diversa,
330 2739 417 2803 idem
452 2751 560 2804 tamen
595 2742 744 2805 sonantia
778 2742 854 2805 libri
881 2740 1002 2805 habent
1030 2741 1069 2805 de
1094 2738 1224 2820 officiis3

157 2847 292 2934 quorum
326 2848 419 2911 initio
447 2837 545 2933 quod¹
562 2847 640 2911 dicit
669 2848 708 2912 de
736 2849 900 2935 proposito
925 2871 982 2913 suo
1007 2846 1132 2931 Cicero,
1169 2847 1225 2910 ali·

157 2955 235 3041 quid
258 2979 292 3020 se
317 2955 358 3019 ad
380 2955 528 3020 Marcum
552 2979 589 3020 eo
614 2965 768 3041 tempore,
804 2956 906 3020 multa
939 2967 1053 3041 postea
1084 2955 1226 3020 scribere

158 3063 318 3145 statuisse,
349 3063 446 3126 ordiri
476 3073 584 3127 autem
607 3064 648 3128 ab
680 3064 780 3128 officii
802 3064 983 3150 praeceptis
1008 3062 1148 3127 maxime
1171 3084 1226 3128 vo·

157 3170 266 3251 luisse,
302 3170 337 3233 id
370 3172 453 3235 ratio
489 3172 732 3257 simplicissima
766 3173 813 3236 sic
848 3172 1054 3256 interpretari¹
1079 3172 1169 3236 iubet
1191 3179 1227 3234 ut

158 3275 223 3340 illis
247 3276 328 3360 ipsis
352 3277 444 3341 libris
468 3278 598 3342 initium
618 3278 660 3342 ad
675 3278 822 3342 Marcum
838 3279 1001 3344 scribendi
1017 3277 1138 3343 factum
1154 3299 1225 3342 esse

158 3382 373 3467 intellegatur.
420 3383 470 3448 De
493 3385 554 3449 hac
579 3395 685 3450 autem
708 3409 742 3449 16
767 3386 920 3471 quidquid
946 3384 1115 3467 iudicatur,
1144 3383 1227 3448 illud

159 3491 376 3554 certissimum
411 3500 468 3574 661,
507 3489 697 3557 Ciceronem
732 3515 769 3557 eo
805 3505 948 3578 tempore
975 3493 1010 3556 in
1039 3493 1146 3556 animo
1170 3491 1225 3554 ha·

159 3597 268 3661 buisse
308 3597 348 3660 ad
385 3598 488 3661 filium
527 3609 601 3683 post
638 3599 739 3663 libros
779 3600 818 3664 de
858 3601 973 3664 officiis
1012 3601 1109 3664 etiam
1144 3598 1225 3663 alios

159 3703 295 3769 mittere.

248 3812 396 3897 Denique
432 3835 487 3876 cur
520 3813 554 3877 in
582 3814 665 3877 libro
694 3837 787 3899 quem
816 3815 947 3899 scripsit
974 3838 1058 3878 anno
1082 3815 1122 3879 ab
1147 3815 1226 3879 urbe

161 3920 290 3985 condita
335 3921 619 4004 septingentesimo
663 3921 787 3986 decimo
827 3919 941 3987 Cicero
984 3924 1017 3986 in
1056 3920 1227 3986 numerum

158 4026 315 4093 librorum
350 4051 480 4093 suorum
516 4029 727 4094 oratoriorum
750 4029 947 4096 Partitiones
971 4030 1138 4096 Oratorias
1161 4052 1226 4095 non
