2746 4560
636 226 676 293 73

114 426 184 468 cum
211 405 279 469 iure
303 405 444 469 humano
468 405 537 469 sive
561 404 732 490 aequitate,
759 407 963 491 praeteritum
1000 404 1184 471 desideran-

112 520 227 597 turque
251 513 349 576 etium
377 513 411 577 in
439 513 584 598 partibus
609 513 690 596 legis
715 513 784 577 sive
807 512 949 578 instituti
974 536 1088 598 graves
1108 514 1184 577 illae

113 618 337 684 distinctiones
363 621 554 705 scriptorum
583 630 616 685 et
643 644 710 684 non
738 620 939 705 scriptorum,
976 622 1104 704 generis
1128 643 1184 706 pu·

113 726 188 790 blici
213 736 246 790 et
267 728 398 812 privati3
424 749 464 791 ex
481 749 544 812 quo
561 738 695 812 apparet
710 728 789 791 iuris
807 728 1066 793 distributionem
1084 729 1184 793 multo

113 856 185 899 esse
209 834 243 898 in
267 834 500 899 Partitionibus
536 857 633 920 quam
662 837 696 898 in
721 834 852 920 Topicis
881 836 1072 920 politiorem.
1120 835 1184 900 De-

113 941 209 1026 nique
246 943 483 1006 controversiae
519 943 631 1028 scripti
666 938 721 1025 (cf.
746 944 798 1025 38,
826 944 889 1007 132
907 940 1008 1029 666),
1045 966 1126 1029 6666
1150 945 1183 1008 in
1286 942 1288 947 ’

112 1048 198 1112 idem
223 1048 284 1112 hoc
308 1071 408 1135 genus
434 1049 553 1113 cadunt
576 1051 609 1113 in
635 1073 697 1136 quo
723 1051 816 1136 quale
841 1052 919 1134 quid
943 1053 986 1116 sit
1009 1052 1182 1135 quaeritur,

112 1157 282 1241 perpaucis
306 1168 442 1241 possunt
465 1157 601 1222 absolvi.
648 1158 700 1222 Ita
723 1159 809 1222 enim
831 1159 971 1222 maxime
988 1158 1184 1222 Partitiones

113 1263 247 1327 alibris
273 1263 312 1326 (16
339 1264 526 1328 inventione
555 1264 675 1329 abeunt
709 1276 744 1329 ut
778 1265 887 1329 multis
918 1277 1048 1330 careant
1077 1267 1184 1330 minus

113 1371 306 1435 necessariis
331 1381 362 1434 ct
385 1371 473 1436 locos
498 1372 624 1455 generis
649 1373 744 1457 primi
770 1383 802 1436 et
825 1372 972 1455 secundi,
1003 1395 1085 1458 quae
1110 1382 1186 1437 sunt

114 1477 310 1562 ambiguitas
335 1479 446 1563 scripti
471 1491 503 1543 et
519 1481 683 1543 contentio
700 1480 812 1565 scripti
829 1490 862 1544 et
878 1482 1067 1561 sententiae,
1086 1480 1184 1543 etiam

113 1584 156 1648 ad
191 1585 351 1650 contraria
386 1587 507 1672 scripta
541 1587 781 1651 transferendos
817 1586 962 1651 indicent
996 1587 1062 1670 (39,
1091 1582 1183 1668 137);

115 1703 255 1757 ceterum
280 1717 366 1758 nova
389 1693 561 1759 admodum
590 1718 655 1758 non
684 1695 791 1759 ferunt
819 1690 873 1777 (cf.
898 1717 929 1780 p.
955 1718 998 1758 or.
1026 1695 1081 1777 38,
1109 1696 1182 1776 134,

116 1803 180 1866 135
204 1811 235 1865 et
259 1801 298 1865 de
322 1802 388 1866 inv.
407 1803 426 1866 2
451 1801 492 1879 ἐξ
512 1803 584 1884 125,
604 1802 802 1882 128-131;
827 1824 858 1887 p.
877 1825 922 1865 or.
941 1802 992 1884 38,
1021 1803 1084 1866 135
1102 1812 1182 1866 extr.

115 1918 146 1971 et
185 1907 224 1972 de
263 1909 329 1972 inv.
363 1909 391 1991 2,
431 1910 489 1991 45,
533 1909 610 1991 134;
650 1931 681 1994 p.
710 1931 755 1973 or.
785 1910 836 1990 39,
891 1909 953 1974 136
988 1917 1021 1972 et
1047 1908 1086 1970 de
1117 1908 1182 1972 inv.

115 2017 134 2079 2
151 2015 192 2093 ἐξ
212 2011 411 2097 139-141).

204 2122 353 2186 Perfecta
375 2133 619 2208 praeceptorum
644 2131 693 2186 est
718 2122 925 2206 comparatio
950 2145 990 2185 ex
1015 2145 1078 2206 qua
1102 2143 1184 2206 quae

117 2229 201 2292 effici
232 2228 404 2292 videantur
438 2230 530 2294 brevi
565 2230 825 2314 complectamur.
871 2229 983 2292 Potest
1017 2229 1116 2312 igitur
1149 2229 1183 2292 in

115 2336 245 2399 iudiciis
270 2333 438 2400 Ciceronis
463 2336 502 2399 de
525 2337 649 2400 ratione
674 2335 802 2400 dicendi
826 2336 1008 2422 progressio
1026 2335 1184 2421 quaedam

116 2443 259 2527 agnosci.
305 2441 349 2507 Et
373 2443 412 2506 de
434 2443 546 2507 multis
571 2442 701 2528 quidem
724 2445 820 2509 rebus
845 2445 1005 2508 sententia
1029 2445 1097 2508 eius
1122 2466 1183 2528 quo

116 2549 211 2614 modo
235 2550 392 2636 paulatim
415 2560 538 2614 mutata
561 2551 604 2614 sit
626 2551 783 2633 videmus,
808 2562 843 2614 ut
867 2551 906 2615 de
926 2550 1098 2635 partitione
1116 2573 1184 2614 ora-

115 2658 214 2723 tionis
238 2656 283 2744 (p.
302 2653 367 2742 29),
405 2657 444 2722 de
475 2659 648 2723 virtutibus
677 2660 872 2723 narrationis
897 2655 941 2744 (p.
965 2659 1006 2723 32
1020 2654 1114 2744 666),
1145 2658 1183 2721 (16

117 2766 333 2852 appellatione
356 2766 569 2851 perorationis
592 2761 637 2851 (p.
654 2762 725 2849 41),
756 2766 795 2830 (16
818 2766 949 2830 notione
974 2777 1006 2829 et
1030 2789 1090 2829 usu
1113 2787 1185 2850 pro·

116 2875 213 2959 positi
238 2871 282 2959 (p.
300 2869 451 2959 44666),
482 2873 521 2937 (16
549 2873 771 2937 laudationum
800 2874 937 2936 utilitate
964 2869 1009 2956 (p.
1031 2873 1074 2937 49
1089 2867 1182 2957 666),

117 2979 157 3044 (16
179 2982 245 3045 fine
269 2981 456 3045 suasionum
481 2982 523 3065 (p.
542 2975 608 3063 58),
635 2980 673 3044 (16
696 2981 860 3064 utriusque
887 2979 1030 3043 locorum
1058 2980 1184 3063 generis

116 3088 342 3172 praeceptione
366 3086 411 3173 (p.
430 3084 495 3170 63),
523 3088 562 3151 (16
586 3087 878 3152 controversiarum
906 3109 986 3171 quae
1013 3087 1048 3149 in
1065 3087 1185 3171 scripto

117 3204 288 3258 versantur
322 3197 494 3279 generibus
518 3193 563 3281 (p.
581 3192 648 3277 68).
707 3195 901 3259 Partitiones
923 3206 1089 3279 praeterea
1112 3216 1184 3258 cum

116 3301 209 3365 libris
246 3299 284 3364 de
319 3303 506 3366 inventione
542 3313 575 3366 et
608 3303 701 3368 libris
737 3302 776 3366 de
812 3313 937 3366 oratore
973 3313 1005 3366 et
1028 3302 1128 3367 Bruto
1154 3312 1185 3365 et

119 3405 255 3471 Oratore
273 3408 503 3473 contendentes
528 3411 717 3495 saepissime
733 3410 992 3495 progressionem
1013 3411 1183 3489 cernimus,

119 3515 211 3579 utin
234 3515 275 3578 iis
300 3537 381 3600 quae
409 3517 650 3601 praecipiuntur
685 3517 724 3580 de
754 3518 857 3602 prima
883 3516 1061 3580 rhetoricae
1089 3516 1185 3600 parti-

119 3624 206 3687 tione
241 3618 286 3706 (p.
307 3623 346 3688 13
372 3617 473 3707 sqq.),
514 3622 553 3687 de
589 3623 724 3687 docendi
761 3633 792 3686 et
825 3621 978 3687 movendi
1012 3622 1184 3706 generibus

120 3726 164 3815 (p.
196 3725 265 3811 18),
307 3727 345 3793 (16
380 3729 460 3794 locis
496 3730 683 3793 inveniendi
718 3727 762 3815 (p.
792 3725 861 3811 20),
900 3729 939 3794 (16
975 3729 1186 3793 collocatione

119 3835 164 3922 (p.
183 3838 226 3902 20
239 3831 333 3922 666),
360 3836 399 3900 (16
422 3837 595 3922 partitione
620 3836 813 3922 simplicium
831 3833 875 3921 (p.
890 3838 932 3901 22
946 3835 1040 3922 666),
1067 3835 1106 3900 (16
1123 3837 1186 3900 vir-

119 3945 241 4011 tutibus
265 3943 417 4030 prinoipii
441 3940 486 4030 (p.
504 3940 654 4029 29666),
681 3943 719 4007 (16
743 3944 811 4008 veri
836 3943 990 4008 similium
1013 3944 1186 4029 partitione

120 4052 164 4138 (p.
180 4054 221 4117 33
236 4049 334 4138 666),
372 4052 410 4115 (16
435 4051 609 4116 definiendi
634 4053 758 4116 ratione
782 4047 826 4137 (p.
845 4053 887 4117 36
901 4049 999 4137 666),
1031 4051 1070 4116 de
1094 4075 1186 4136 argu-
