2746 4560
725 233 766 298 70

206 407 240 493 (ὅ
261 406 328 492 41).
375 410 453 475 Alia
476 419 582 474 autem
607 432 688 495 quae
718 408 750 474 in
779 409 855 474 facti
879 408 1060 496 praeceptis
1085 433 1285 476 commemor

205 528 328 600 rantur,
364 528 400 580 ut
423 518 646 602 opportunitas
669 518 742 599 loci,
779 518 997 603 longinquitas
1027 518 1192 604 temporis,
1232 541 1284 583 oc·

207 625 305 707 casio,
330 624 476 706 facultas,
501 625 608 709 potius
633 625 674 688 ad
698 647 828 690 causam
852 626 1024 710 pertinent.
1071 623 1158 690 Eam
1180 625 1284 710 igitur

207 730 323 796 Cicero
346 731 378 795 in
404 731 636 796 Partitionibus
662 733 892 796 correctionem
915 732 1064 796 adhibuit
1088 742 1122 796 ut
1144 741 1281 797 eventus

206 861 324 903 nomen
349 862 368 902 a
391 849 481 924 parte
505 838 600 903 huius
624 839 686 902 loci
711 839 752 902 ad
775 848 879 903 totum
902 840 1009 903 locum
1032 839 1227 904 transferret
1251 849 1282 904 et

205 946 362 1010 nonnulla
396 957 430 1010 ut
457 947 563 1010 aliena
590 947 869 1030 praetermitteret.
917 946 1100 1032 Adsumpta
1124 969 1209 1032 quae
1235 947 1281 1011 di·

207 1063 323 1118 cuntur
346 1076 408 1139 quo
432 1053 527 1117 modo
552 1053 720 1116 tractanda
744 1053 817 1135 sint,
843 1052 939 1138 paulo
968 1055 1150 1118 accuratius
1176 1063 1211 1118 et
1234 1053 1281 1118 f·

207 1163 273 1226 sius
299 1184 395 1246 quam
419 1162 453 1224 in
475 1161 531 1225 lib.
557 1161 596 1224 de
620 1161 684 1224 inv.
709 1156 754 1242 (2,
783 1162 832 1242 14,
858 1161 901 1224 46
919 1156 1004 1245 sqq.)
1038 1161 1131 1225 et'in
1155 1162 1214 1226 lib.
1240 1161 1278 1226 de

207 1292 253 1333 or.
279 1266 324 1351 (2,
351 1270 403 1350 21,
430 1269 493 1333 118
510 1263 595 1352 sqq.)
620 1269 752 1352 exponit
774 1269 954 1352 iterumque
978 1278 1013 1331 ut
1036 1268 1070 1330 in
1093 1268 1278 1354 praeceptis

207 1376 459 1439 confirmationis
494 1372 561 1456 (14,
591 1376 634 1440 48
659 1371 745 1459 sqq.)
784 1375 955 1460 praecipue
994 1373 1033 1438 de
1071 1375 1213 1440 testibus
1248 1385 1279 1440 et

207 1484 452 1568 quaestionibus
477 1482 629 1567 disputat,
666 1481 723 1546 sed
758 1483 803 1545 ita
826 1505 894 1545 rem
917 1482 1023 1546 variat
1047 1492 1081 1545 ut
1103 1481 1139 1545 in
1164 1484 1278 1546 confir·

205 1590 360 1653 mationis
395 1589 574 1674 praeceptis
609 1590 813 1674 potissimum
849 1611 931 1673 quae
967 1598 1079 1652 contra
1111 1598 1216 1655 testes
1247 1601 1278 1652 et

207 1696 422 1780 quaestiones,
447 1695 602 1760 hocloco
626 1718 708 1780 quae
732 1718 789 1780 pro
814 1697 950 1760 testibus
975 1704 1008 1759 et
1031 1697 1276 1780 quaestionibus

207 1803 343 1867 dicenda
366 1804 432 1867 sint
456 1802 569 1866 doceat
592 1803 696 1888 plene,
723 1803 883 1867 contraria
902 1803 936 1866 in
954 1803 1123 1867 contrariis
1141 1802 1277 1868 dicenda

206 1911 375 1996 significet.
423 1906 487 1974 Sed
522 1909 581 1973 has
614 1933 665 1975 res
694 1911 847 1994 quoniam
875 1911 907 1974 in
931 1909 1023 1974 libris
1048 1921 1122 1974 ante
1147 1911 1276 1996 scriptis

205 2019 428 2082 tantummodo
454 2019 594 2082 breviter
617 2017 756 2100 attingit,
793 2040 898 2102 neque
925 2018 960 2080 in
988 2018 1125 2100 singulis
1150 2040 1276 2104 compa·

206 2127 288 2189 ratio
324 2126 450 2190 institui
487 2134 594 2209 potest
628 2136 660 2188 et
689 2137 821 2210 apparet
849 2147 905 2189 cur
931 2125 1093 2188 addiderit
1115 2126 1149 2189 in
1174 2125 1277 2190 Parti·

205 2234 348 2297 tionibus
381 2233 537 2297 nonnulla
571 2255 652 2318 quae
687 2233 721 2297 in
750 2233 883 2317 reliquis
907 2233 999 2296 libris
1023 2256 1090 2296 non
1114 2244 1184 2296 erat
1208 2256 1276 2319 per·

207 2350 346 2405 secutus,
392 2343 501 2426 Atque
541 2341 638 2404 etiam
673 2341 708 2404 in
739 2339 935 2404 defensionis
974 2341 1152 2424 praeceptis
1192 2364 1277 2405 nova

206 2445 365 2530 quaedam
399 2459 483 2528 sunt,
520 2468 602 2531 quae
636 2447 722 2511 unde
752 2449 817 2511 sint
841 2458 911 2511 orta
933 2445 1027 2510 facile
1051 2446 1274 2532 perspicietur.

205 2551 330 2617 Eadem
365 2553 451 2616 enim
485 2554 608 2617 ratione
635 2563 730 2638 atque
754 2555 788 2617 in
812 2553 1071 2638 reprehensionis
1094 2556 1275 2640 praeceptis

207 2659 321 2725 Cicero
360 2663 509 2726 omnibus
549 2663 764 2726 accusationis
803 2663 883 2727 locis
923 2662 1121 2746 singulorum
1160 2662 1275 2727 horum

205 2768 439 2833 infirmationes
475 2768 587 2832 eodem
624 2769 735 2832 ordine
771 2771 905 2855 opponit
939 2769 1078 2855 primurn
1103 2768 1143 2833 de
1168 2771 1274 2835 causis

206 2874 351 2958 dicendo,
389 2875 504 2940 deinde
540 2875 579 2940 de
616 2877 896 2961 consequentibus
933 2885 1095 2961 postremo
1125 2876 1164 2940 de
1195 2878 1275 2942 locis

206 2983 395 3069 adsumptis.
442 2985 556 3069 Neque
591 2986 684 3048 aliter
717 2986 751 3048 in
787 2985 843 3048 lib.
881 2985 919 3048 de
954 2985 1020 3049 inv.
1054 2995 1086 3048 et
1114 3007 1214 3050 causa
1245 2997 1277 3050 et

205 3111 344 3174 persona
376 3114 416 3155 ex
452 3091 647 3157 defensionis
683 3103 773 3178 parte
809 3104 987 3157 tractantur
1021 3092 1065 3176 (2,
1091 3094 1120 3176 8,
1148 3095 1207 3176 253
1245 3096 1274 3176 2,

208 3199 258 3276 11,
286 3193 355 3279 35);
395 3199 479 3262 unde
515 3201 612 3263 etiam
647 3200 774 3284 singula
809 3222 891 3285 quae
919 3201 952 3264 in
976 3200 1213 3266 Partitionibus
1237 3201 1276 3265 de

206 3302 422 3368 infirmatione
446 3327 615 3370 causarum
643 3304 677 3388 (ἓ
700 3304 777 3389 119)
812 3307 1053 3392 praecipiuntur
1076 3308 1197 3372 arcessi
1221 3331 1277 3394 po·

206 3420 344 3474 tuerunt.
393 3410 599 3476 Terminatur
633 3414 836 3478 coniecturae
871 3416 1019 3479 tractatio
1055 3416 1217 3480 adiunctis
1241 3417 1277 3481 in

205 3518 261 3582 lib.
292 3517 331 3582 de
358 3518 423 3582 inv.
448 3519 528 3584 locis
564 3520 757 3604 quibusdam
793 3523 1016 3586 communibus
1052 3523 1175 3605 (216,
1203 3520 1275 3607 51),

205 3626 238 3689 in
262 3625 496 3690 Partitionibus
530 3628 710 3712 praeceptis
740 3628 904 3692 nonnullis
934 3629 972 3692 de
997 3629 1133 3713 singulis
1158 3631 1278 3695 oratio·

205 3734 257 3797 nis
294 3734 440 3819 partibus
479 3735 514 3798 in
553 3756 649 3798 causa
688 3736 895 3799 coniecturali
928 3735 1166 3801 conformandis
1207 3736 1276 3821 (35,

207 3842 269 3904 121
292 3839 388 3927 sqq).
440 3843 553 3928 Neque
592 3843 677 3907 enirn
716 3853 841 3928 poterat
878 3845 912 3906 in
948 3843 1009 3907 hac
1037 3852 1128 3928 parte
1157 3840 1278 3911 Cicero

205 3947 362 4013 rationem
400 3950 556 4014 librorum
595 3950 633 4014 de
672 3950 859 4014 inventione
898 3951 1047 4032 retinere,
1087 3951 1122 4013 in
1155 3952 1279 4036 quibus

206 4053 291 4138 quod
328 4055 375 4120 ita
411 4055 445 4121 in
484 4057 548 4120 fine
587 4080 706 4122 novum
745 4057 939 4141 adiungitur,
976 4056 1008 4121 id
1044 4056 1186 4141 positum
1229 4071 1281 4126 est
