2746 4560
661 227 702 290 15

144 404 342 469 inventionis
367 427 464 488 quam
500 404 532 467 in
569 403 790 488 dispositionis
826 413 881 466 aut
914 403 1106 466 elocutionis
1130 412 1211 466 trac-

143 522 262 577 tantur.
308 511 362 576 Ad
396 513 495 575 finem
530 512 617 575 enim
652 511 852 595 singularum
887 511 1041 575 orationis
1070 510 1211 596 partium

144 643 209 684 non
244 619 347 703 magis
383 629 573 702 argumenta
607 641 648 681 ex
682 618 871 682 inveniendi
904 619 985 683 locis
1022 618 1212 703 deprompta

145 752 241 814 quam
266 749 368 811 genus
394 726 522 790 dicendi
539 735 571 790 et
587 727 664 790 ordo
681 727 914 790 sententiarum
930 727 1213 791 accommodentur

146 843 280 921 oportet.
328 831 410 897 Toto
446 844 551 897 autern
587 856 704 918 genere
740 834 966 919 quaestionum
1002 845 1033 897 et
1068 835 1212 919 partibus

146 943 302 1007 orationis
328 942 368 1004 ab
392 941 578 1004 inventione
602 942 734 1005 secretis
761 941 911 1025 vitiisque
940 963 1021 1025 quae
1050 942 1214 1025 significa·
1271 960 1275 969 ·

148 1052 253 1115 vimus
279 1048 407 1113 evitatis
432 1045 546 1112 Cicero
570 1049 605 1112 in
628 1048 862 1113 Partitionibus
891 1049 957 1113 vim
984 1049 1088 1133 ipsam
1117 1070 1214 1132 quam

147 1167 255 1222 orator
294 1156 453 1241 expromit
492 1166 524 1220 et
564 1157 741 1220 orationem
776 1179 872 1241 quam
909 1156 994 1241 parit
1029 1166 1059 1220 et
1096 1179 1214 1239 genera

149 1265 374 1351 quaestionum
388 1263 421 1327 iu
440 1264 556 1348 quibus
572 1272 720 1328 versatur
736 1263 906 1347 distinguit
919 1285 1091 1347 earumque
1107 1285 1213 1326 rerum

150 1373 248 1435 trium
286 1380 457 1457 praecepta
496 1371 630 1435 totidem
668 1371 814 1456 partibus
858 1370 936 1435 artis
982 1370 1213 1454 complectitur.

152 1477 250 1545 Cuius
281 1479 428 1564 egregiae
457 1478 641 1563 partitionis
671 1479 788 1541 mirum
817 1487 866 1542 est
889 1500 962 1541 cum
986 1477 1064 1541 olim
1087 1473 1215 1555 Quinti·

150 1586 279 1670 lianum,
305 1594 479 1670 praecepta
503 1584 644 1669 plurium
675 1585 715 1648 de
742 1586 866 1649 ratione
896 1584 1024 1648 dicendi
1047 1583 1216 1669 partienda

147 1704 391 1780 percensentem
408 1690 452 1774 (3,
471 1693 501 1775 3,
522 1694 539 1757 7
558 1686 653 1777 sqq),
678 1701 747 1755 tum
762 1692 882 1756 nostris
898 1691 1096 1776 temporibus
1114 1687 1215 1775 Speu-

148 1801 277 1887 gelium,
314 1801 486 1885 praecipue
512 1799 550 1862 de
573 1799 719 1884 partibus
754 1797 932 1862 rhetoricae
962 1796 1213 1879 disserentem),

149 1919 181 1972 et
207 1916 282 1991 post
310 1930 385 1971 eum
407 1905 664 1987 Volkmannum,
694 1905 796 1990 ipsius
826 1902 993 1970 Ciceronis
1022 1903 1215 1968 sententiam

150 2015 188 2079 de
204 2014 299 2079 huius
317 2014 482 2078 doctrinae
498 2012 725 2078 distributione
741 2009 972 2094 referentemll,
990 2012 1112 2075 nullam
1129 2033 1216 2075 men·

150 2123 272 2186 tionem
295 2121 421 2186 fecisse.
452 2119 561 2184 Huius
585 2131 693 2184 tamen
716 2121 764 2184 rei
788 2141 885 2183 causa
900 2119 1037 2184 fortasse
1053 2118 1114 2181 fuit
1130 2117 1217 2202 quod

149 2251 244 2293 nemo
266 2238 394 2313 praeter
419 2225 609 2292 Ciceronem
632 2250 736 2312 neque
760 2226 904 2292 Graecus
929 2250 1033 2313 neque
1049 2226 1216 2290 Romanus

152 2336 311 2419 tripertita
344 2334 402 2398 illa
436 2333 610 2419 partitione
649 2358 725 2399 usus
765 2335 816 2399 sit.
880 2333 1085 2420 Quamquam
1123 2334 1217 2398 initia

153 2439 311 2525 quaedam
334 2439 419 2504 unde
449 2463 486 2503 ea
513 2441 604 2505 nasci
630 2452 756 2526 poterat
784 2442 868 2527 apud
894 2440 1104 2507 Cornificium
1129 2444 1216 2508 inve·

152 2548 295 2612 niuntur.
340 2547 375 2612 Is
399 2548 484 2612 enim
512 2548 546 2611 in
570 2549 671 2634 primo
700 2550 740 2614 ad
763 2550 965 2615 Herennium
992 2552 1074 2615 libro
1102 2551 1148 2615 ita
1177 2551 1216 2615 de

149 2670 183 2719 re
214 2655 382 2740 proposita
410 2654 516 2719 dicere
543 2656 666 2741 incipit,
704 2667 739 2720 ut
767 2658 872 2723 officio
909 2658 1043 2722 oratoris
1085 2657 1216 2721 definito

151 2762 213 2826 tria
237 2762 379 2826 breviter
404 2762 609 2846 demonstret,
636 2765 774 2848 primum
798 2787 880 2849 quae
904 2787 1023 2847 genera
1046 2787 1217 2828 causarum

150 2869 292 2954 recipere
317 2868 433 2933 debeat
456 2880 571 2953 orator,
602 2871 718 2934 deinde
747 2893 827 2956 quas
855 2893 906 2935 res
934 2872 969 2934 iu
997 2881 1122 2935 oratore
1145 2871 1216 2956 ipso

152 2999 221 3042 esse
239 2984 393 3062 oporteat,
420 2988 582 3062 postremo
599 2988 678 3062 quot
694 3000 839 3062 quaeque
856 2977 922 3042 sint
938 2978 1092 3042 orationis
1109 2987 1217 3063 partes

151 3080 205 3162 (ad
221 3083 300 3148 Her.
316 3086 344 3166 1,
362 3084 392 3167 2,
411 3085 430 3147 2
448 3080 544 3169 sqq).
576 3085 722 3168 Itemque
743 3086 776 3148 in
797 3085 853 3148 lib.
872 3085 911 3148 de
932 3108 987 3168 or,
1004 3085 1061 3148 ubi
1078 3082 1216 3150 Crassus

152 3186 195 3273 (1,
216 3191 267 3274 31,
288 3191 352 3255 138
369 3187 455 3276 sqq.)
479 3204 510 3255 et
533 3193 697 3256 Antonius
722 3188 765 3275 (2,
786 3194 836 3275 19,
857 3194 898 3259 78
915 3189 1000 3278 sqq.)
1025 3194 1163 3257 contrita
1186 3204 1218 3258 et

153 3299 335 3361 communia
349 3297 512 3363 rhetorum
528 3309 699 3384 praecepta
715 3310 913 3384 percurrunt,
930 3312 1064 3385 uterque
1078 3302 1218 3387 primum

154 3402 193 3468 de
227 3405 470 3490 quaestionibus
506 3419 538 3469 et
566 3408 681 3490 causis,
720 3407 835 3472 deiude
871 3408 909 3471 de
945 3410 1086 3494 quinque
1120 3409 1217 3473 rebus

154 3511 270 3595 quibus
294 3513 343 3578 vis
368 3515 504 3578 oratoris
529 3513 695 3596 efficiatur,
730 3526 798 3579 tum
822 3515 861 3579 de
888 3517 1035 3601 partibus
1063 3515 1217 3580 orationis

152 3618 303 3704 loquitur.
350 3616 415 3684 Sed
431 3620 495 3684 nisi
512 3622 718 3705 transpositis
736 3623 978 3706 quaestionibus
1002 3622 1081 3686 haec
1106 3621 1218 3687 eadem

241 3793 262 3862 6)
283 3791 323 3846 cf.
342 3792 373 3846 L.
393 3791 519 3863 Spengel,
537 3791 589 3845 Die
608 3792 754 3845 Definition
773 3791 829 3845 und
847 3792 1003 3864 Einteilung
1023 3792 1071 3847 der
1088 3793 1218 3849 Rhetorilr

153 3880 198 3934 bei
217 3880 269 3935 den
288 3880 378 3935 Alton.
416 3881 485 3934 Mus.
498 3879 584 3935 Rhen.
604 3899 627 3935 a.
648 3882 725 3949 1863,
744 3899 770 3950 p.
783 3883 834 3935 481
850 3899 910 3952 sqq.

241 3969 262 4037 ⁷)
283 3969 323 4024 cf.
342 3969 375 4024 R.
388 3969 548 4039 Volkmann,
576 3969 629 4023 Die
647 3967 778 4024 Rhetorik
805 3969 853 4024 der
872 3970 1004 4026 Griechen
1032 3972 1087 4026 und
1110 3972 1218 4042 Reimea

153 4058 177 4111 2.
190 4058 270 4127 Aufl,
289 4058 402 4130 Leipzig
414 4059 492 4128 1885,
511 4078 538 4130 p.
552 4061 593 4114 30.
