2746 4560
666 216 706 280 18

150 394 358 479 derigendam
383 395 545 479 significat
567 394 608 458 ad
624 395 784 480 triplicem
800 395 967 477 rationem,
992 403 1028 458 ut
1045 394 1219 458 doceantur

148 504 248 568 animi
277 502 477 567 audientium
506 512 538 566 et
568 501 779 566 concilientur
808 513 840 566 et
868 513 1057 567 moveantur
1092 499 1136 584 (2,
1163 503 1216 582 27,

150 611 227 692 115,
268 610 297 692 2,
336 610 388 690 28,
429 609 507 690 121,
545 611 574 692 2,
612 611 665 688 29,
701 609 779 691 128,
816 609 846 691 2,
882 610 935 691 43,
976 610 1053 690 182,
1095 610 1126 691 2,
1164 611 1217 690 44,

152 718 231 799 185,
274 718 307 800 2,
346 719 396 800 77,
435 712 523 797 310).
579 718 650 781 Ν60
683 716 816 781 dubium
856 726 905 780 est
940 717 1016 802 quin
1053 717 1098 780 ita
1137 739 1218 801 quae

151 821 271 888 Graeci
306 821 443 903 λογικὸν,
480 819 605 905 ἠθικὸν,
640 821 822 907 παθητικὸν
851 825 1011 887 vocabant
1043 822 1220 906 designarit

149 928 204 1014 (01.
221 932 324 996 Arist.
349 930 412 995 Rh.
431 932 459 1013 1,
478 932 508 1012 2,
533 954 565 1016 p.
584 932 709 1011 1356a3
736 954 781 995 or.
799 932 850 1012 37,
878 926 982 1013 128³).
1032 929 1218 1016 Eademque

150 1038 219 1102 eius
244 1048 294 1102 est
317 1038 487 1120 sententia,
514 1037 622 1102 verbis
646 1038 812 1122 paululum
836 1038 979 1120 mutatiS,
1005 1048 1037 1101 61
1061 1039 1095 1101 in
1117 1038 1217 1102 Bruto

152 1141 219 1229 (49,
247 1145 325 1226 185,
363 1146 415 1228 80,
442 1141 521 1226 276)
546 1146 633 1208 etin
659 1141 795 1209 Oratore
824 1141 890 1227 (21,
916 1140 973 1227 69)
998 1147 1085 1209 etin
1109 1145 1218 1209 libello

151 1253 191 1316 de
223 1262 288 1337 opt.
319 1274 390 1336 gen.
416 1275 461 1316 or.
491 1247 535 1334 (1,
566 1253 585 1316 3
611 1275 696 1337 sqq.3
728 1253 758 1332 5,
791 1247 855 1335 16),
892 1253 955 1315 tria
990 1253 1115 1317 seilicet
1150 1276 1220 1318 esse

154 1381 236 1445 quae
276 1359 394 1422 oratori
434 1358 603 1423 efficienda
638 1360 704 1423 sint
739 1358 884 1441 dicende,
925 1369 961 1423 ut
999 1358 1113 1422 doceat
1152 1362 1221 1425 sive

150 1468 278 1552 probet,
309 1476 345 1529 ut
375 1465 525 1543 delectet,
563 1476 598 1529 ut
627 1476 812 1551 permoveat
843 1467 911 1530 sive
939 1466 1056 1529 flectat.
1103 1466 1141 1528 111
1170 1467 1221 1531 his

153 1583 259 1638 autem
293 1582 406 1656 postea
434 1573 563 1657 seriptis
586 1572 679 1637 libris
708 1573 855 1656 cogitate,
884 1585 920 1637 ut
954 1573 1131 1657 opinamur,
1163 1595 1221 1654 pro

154 1678 349 1744 conciliandi
380 1680 477 1744 verbo
506 1679 594 1743 aliud
628 1680 773 1765 reposuit
808 1679 893 1764 quod
921 1680 1052 1764 propius
1077 1679 1118 1741 ad
1140 1677 1221 1740 illud

152 1785 269 1869 ἠθικὸν
303 1786 483 1868 accederet,
519 1809 715 1872 quamquam
748 1786 823 1850 huie
862 1788 961 1851 verbo
994 1785 1133 1868 Graeco,
1171 1786 1221 1848 eui

152 1894 277 1958 nullum
317 1915 376 1978 par
415 1904 484 1958 erat
516 1893 652 1958 verbum
684 1893 852 1975 Latinum,
893 1904 925 1957 61
963 1893 1157 1957 conciliandi
1192 1903 1224 1956 61

154 2001 337 2066 delectandi
367 2001 434 2066 vim
462 2001 640 2065 subiectam
669 2024 740 2066 6666
768 2000 979 2086 intellegebat
1012 1997 1066 2083 (01,
1099 2024 1143 2064 or.
1169 2001 1221 2080 37,

157 2106 246 2191 128).
271 2107 392 2172 Verum
409 2132 473 2173 non
490 2109 594 2173 solum
609 2107 643 2172 id
660 2107 745 2194 quod
758 2107 882 2174 Graece
900 2104 1016 2193 ἠθικὸν
1033 2107 1149 2171 dicitur
1165 2108 1223 2170 dif-

155 2217 241 2281 ficile
265 2225 313 2280 est
336 2215 453 2280 Latine
477 2240 540 2281 uno
568 2217 675 2301 aliquo
703 2218 802 2281 verbo
831 2216 1025 2302 exprimere,
1062 2215 1119 2279 sed
1153 2237 1224 2300 pro·

156 2324 245 2408 piore
257 2322 396 2408 quadam
414 2325 604 2406 cognatione
622 2324 804 2388 delectandi
820 2334 851 2388 61
868 2323 1090 2389 commovendi
1107 2345 1225 2407 genera

156 2431 241 2493 inter
264 2453 298 2494 se
322 2452 419 2514 quam
443 2430 632 2495 alterutrum
660 2454 734 2496 oum
762 2432 899 2497 docendi
926 2433 1051 2496 ratione
1076 2431 1226 2514 colligata

158 2545 242 2600 sunt.
283 2532 501 2600 Similioribus
525 2538 623 2620 igitur
648 2538 773 2602 duobus
790 2539 825 2602 in
841 2563 941 2603 unum
966 2539 1107 2604 confusis
1132 2559 1225 2622 gene·

157 2643 247 2706 ribus
271 2652 303 2706 et
332 2664 389 2725 pro
419 2642 539 2726 triplici
567 2643 720 2727 bipertita
746 2645 781 2707 in
804 2645 1037 2709 Partitionibus
1067 2644 1225 2707 divisione

159 2749 279 2832 habita,
306 2746 421 2813 Cicero
447 2770 518 2812 cum
543 2749 766 2813 difficultatem
792 2773 888 2834 quam
912 2751 979 2814 dixi
1004 2750 1137 2813 evitavit
1156 2757 1224 2810 tum

158 2858 278 2921 rectius
302 2856 516 2941 subtiliusque
539 2879 607 2920 rem
632 2856 805 2920 distribuit.
852 2857 954 2942 quue
979 2879 1051 2920 eum
1067 2878 1132 2919 non
1150 2877 1225 2917 casu

161 2964 301 3049 quodam
330 2963 386 3028 sed
417 2964 525 3028 dedita
554 2986 651 3048 opera
677 2963 793 3028 1601666
823 2963 936 3027 eadem
970 2963 1115 3048 pluribus
1144 2962 1225 3025 locis

161 3081 305 3157 spectata
327 3073 457 3157 partitio
483 3072 624 3136 declarat
647 3069 701 3153 (01.
732 3074 759 3154 1,
785 3073 819 3153 4,
856 3075 886 3154 2,
912 3074 945 3152 5,
984 3073 1012 3152 3,
1038 3073 1072 3151 9,
1102 3072 1132 3152 8,
1159 3067 1225 3152 27).

162 3178 248 3242 Illud
273 3202 348 3243 vero
372 3202 413 3243 ne
437 3181 508 3264 quis
534 3180 639 3243 dicere
662 3180 754 3261 velit,
792 3179 1038 3243 delectationem
1065 3179 1099 3241 in
1122 3179 1226 3242 Parti-

161 3285 304 3349 tionibus
328 3287 539 3371 praetermitti
563 3308 667 3370 neque
691 3298 726 3349 ut
743 3287 912 3350 statuimus
928 3285 970 3349 ad
985 3295 1107 3350 motum
1127 3287 1226 3350 animi

162 3392 288 3475 referri,
311 3391 471 3455 'incitatio
500 3391 541 3455 ad
568 3392 780 3476 voluptatem,
814 3391 875 3456 hoo
903 3401 953 3458 est
979 3391 1148 3457 delectatio
1172 3389 1225 3475 (01.

164 3499 259 3564 Tusc.
277 3500 307 3582 4,
326 3499 355 3582 9,
374 3493 439 3581 20),
465 3498 560 3583 paulo
580 3508 653 3583 post
673 3500 707 3564 in
728 3509 833 3564 motus
857 3501 1027 3584 generibus
1043 3510 1228 3565 numeratur

164 3610 208 3690 (3,
235 3603 278 3688 9).

252 3714 323 3779 Iam
348 3713 388 3777 ad
414 3713 512 3777 fidem
546 3713 725 3779 faciendam
750 3726 940 3800 argumenta
962 3738 1003 3780 ex
1028 3716 1109 3780 locis
1144 3712 1227 3777 sumi

255 3957 275 4024 8)
296 3956 336 4011 Os.
356 3957 436 4028 Hugo
455 3956 577 4025 Jentscb,
598 3957 631 4010 de
650 3958 797 4012 Aristotele
817 3959 953 4014 Ciceronis
971 3959 999 4010 in
1016 3955 1149 4009 rhetorica
1168 3974 1228 4008 auc-

166 4050 225 4099 tore
243 4051 311 4115 part.
325 4045 368 4113 ss,
388 4046 429 4099 ed.
450 4047 555 4101 Guben.
575 4064 598 4100 a.
620 4048 696 4115 1875,
715 4065 742 4117 p.
755 4049 798 4102 23.
