2746 4560
667 243 708 307 27

149 420 275 485 1666116
299 416 353 502 ((16
378 443 422 485 or.
449 421 478 502 2,
504 419 650 502 43,182,
671 415 758 500 184),
784 418 823 482 de
847 419 1043 484 obscuritate
1065 419 1221 503 fugienda

149 525 203 610 (de
227 551 272 592 or.
291 529 319 609 3,
346 528 399 609 42,
427 523 519 608 167),
557 524 596 589 (16
624 526 852 610 probabilitate
880 526 1056 591 minuenda
1079 523 1139 608 (or.
1164 527 1218 609 22,

151 637 192 700 72
206 631 302 720 sqq),
341 634 380 698 (16
404 632 525 697 iudicio
555 632 734 696 exercendo
759 627 813 715 (de
837 655 883 697 or.
906 634 934 713 3,
966 635 1018 716 55,
1049 635 1113 698 212
1132 629 1219 716 661).

148 741 193 806 111
215 764 332 805 nomeu
356 741 465 826 ipsum
489 739 659 804 suavitatis
688 762 832 824 quaeque
860 738 947 803 idem
976 740 1141 805 declarant
1164 764 1219 826 po·

150 850 216 913 6611
233 846 347 914 Cicero
373 870 469 932 saepe
492 847 697 932 maximeque
712 847 768 911 ubi
786 846 825 910 (16
842 869 958 931 genere
974 859 1086 912 ornato
1103 850 1221 933 agebat

149 953 205 1040 (61.
234 956 274 1020 (16
297 979 343 1020 or.
370 956 399 1036 3,
425 955 476 1036 26,
504 955 581 1035 103;
618 956 647 1037 3,
677 955 730 1037 46,
758 955 835 1037 181,
871 953 1032 1036 Β161.48,
1061 957 1137 1037 177,
1173 978 1218 1020 61.

151 1064 193 1142 ἐξ
210 1064 263 1145 69,
291 1064 341 1144 79,
363 1056 635 1145 149,16Ο,182).
685 1059 818 1127 Certum
843 1072 951 1126 autem
974 1085 1074 1146 genus
1092 1062 1220 1126 dicendi

151 1171 238 1257 quod
274 1192 372 1234 suave
404 1170 623 1233 nominaretur
657 1168 721 1233 nisi
745 1170 780 1232 in
808 1168 1042 1233 Partitionibus
1072 1192 1135 1233 666
1166 1169 1221 1233 ad·

152 1277 325 1342 umbravit.
373 1273 438 1340 Sed
462 1276 501 1341 de
525 1276 668 1361 quinque
691 1276 869 1340 luminibus
893 1299 977 1361 quae
1001 1277 1221 1341 enarravimus

152 1384 245 1450 brevi
274 1384 531 1470 complectamur.
579 1384 665 1448 Aliis
700 1385 799 1466 igitur
832 1383 867 1447 in
894 1384 986 1448 libris
1012 1381 1127 1448 (116616
1157 1384 1222 1448 sin·

153 1492 229 1575 gula
251 1491 317 1555 1616
341 1491 449 1556 omnia
472 1500 660 1576 persecutus
684 1499 746 1573 661,
783 1491 916 1576 planum
947 1492 1015 1555 6116
1044 1490 1222 1555 dilucidum

153 1620 254 1683 genus
282 1598 410 1662 dicendi
439 1599 603 1684 exposuit,
640 1598 680 1662 de
708 1598 853 1662 oratioue
883 1599 973 1662 brevi
1001 1608 1033 1662 et
1059 1598 1221 1683 probabili

151 1708 187 1771 in
209 1706 389 1791 praeceptis
405 1707 600 1772 narrationis
622 1706 813 1792 disputavit3
839 1706 1107 1791 evidentiamque,
1134 1717 1220 1770 certe

152 1818 226 1877 cum
249 1812 371 1898 Topica
398 1814 529 1899 scripsit
564 1823 596 1878 61
623 1823 658 1877 61
687 1814 756 1878 1611
787 1814 892 1879 simile
917 1823 1063 1878 estante
1087 1812 1120 1876 id
1144 1823 1223 1877 tem·

151 1942 222 2006 pus,
247 1920 399 1984 virtutem
424 1921 618 1985 narrationis
642 1945 662 1984 a
685 1921 880 2006 quibusdam
903 1921 1047 1985 habitam
1072 1943 1143 1986 esse
1167 1944 1223 1985 no·

150 2036 253 2091 16161.
300 2026 512 2091 Desideratur
535 2038 643 2091 autem
666 2029 701 2092 in
724 2028 858 2113 reliquis
874 2029 967 2092 libris
985 2051 1023 2092 ea
1037 2037 1222 2113 praecepto·

150 2158 224 2198 rum
249 2134 460 2198 conformatio
489 2143 521 2198 61
544 2135 729 2199 distributio
754 2157 836 2220 quae
861 2147 910 2199 est
933 2136 968 2199 in
988 2134 1223 2199 Partitionibus

153 2237 324 2305 Oratoriis.
371 2240 425 2305 Ad
457 2262 555 2325 quam
581 2252 691 2304 tamen
726 2264 790 2326 qua
824 2243 877 2306 116
905 2239 1020 2306 Cicero
1056 2243 1224 2328 pervenire

154 2347 309 2433 potuerit,
345 2370 410 2411 666
439 2347 614 2411 admodum
642 2357 691 2412 661
715 2348 846 2412 difficile
870 2349 1032 2433 indagare.
1078 2350 1118 2414 In
1142 2350 1225 2414 libro

155 2455 245 2519 enim
273 2459 345 2536 περὶ
368 2458 484 2532 λέξεως
520 2455 716 2519 disseruerat
743 2454 783 2519 de
812 2465 948 2540 quatuor
975 2458 1147 2541 generibus
1180 2456 1226 2520 di-

154 2560 250 2626 cendi
268 2560 509 2647 Theophrastus
526 2571 781 2646 exposueratque
801 2562 879 2648 quid
901 2562 1077 2627 dilucidum
1094 2560 1227 2647 (σαφές)

153 2678 251 2752 66661,
277 2668 353 2754 quid
378 2669 586 2751 magnificum
610 2665 886 2753 (μεγαλοπρεπές),
913 2670 991 2756 quid
1015 2694 1112 2735 suave
1128 2668 1225 2755 (ἡδύ),

155 2775 234 2862 quid
264 2775 433 2862 probabile
461 2772 675 2859 (nitantur).
724 2775 831 2857 Quam
865 2777 1128 2842 distributionem
1161 2801 1227 2841 cre-

157 2883 257 2949 dibile
281 2893 330 2948 est
352 2892 464 2947 notam
479 2883 579 2948 fuisse
597 2880 746 2947 Ciceroni
772 2885 828 2969 qui
849 2883 993 2948 eiusdem
1011 2884 1227 2969 Theophrasti

157 2989 197 3053 de
221 2991 320 3055 variis
348 2990 539 3054 elocutionis
574 2991 722 3075 partibus
757 2992 952 3055 sententiam
985 3000 1142 3055 memorat
1165 2987 1225 3074 (or.

158 3096 200 3173 ἓξ
219 3097 269 3179 79,
295 3099 369 3179 194,
395 3097 470 3178 218,
496 3097 576 3179 228;
602 3096 641 3161 (16
667 3120 711 3161 61.
730 3098 759 3180 3,
785 3098 840 3176 48,
868 3098 932 3162 184
945 3093 1031 3180 661).
1079 3096 1175 3178 Quod
1200 3099 1228 3162 si

158 3213 246 3267 recte
270 3205 432 3287 statuitur,
458 3205 538 3269 illud
561 3229 732 3291 possumus
758 3207 942 3270 coniectura
966 3207 1135 3291 consequi,
1174 3204 1227 3272 Oi-

161 3331 310 3375 ceronem
334 3311 475 3376 dilucido
500 3314 623 3397 generi,
649 3313 735 3398 quod
759 3336 885 3398 semper
908 3315 942 3377 in
966 3315 1139 3379 virtutibus
1164 3315 1228 3378 elo-

160 3418 300 3482 cutionis
328 3421 571 3504 numerabatur,
607 3422 733 3485 ratione
769 3443 865 3505 quam
894 3434 1023 3486 secutus
1053 3434 1102 3485 est
1126 3422 1227 3485 Theo-

158 3524 311 3610 phrastus
334 3536 456 3590 motum
480 3527 666 3592 adiunxisse
690 3551 791 3611 genus
815 3528 982 3612 probabile
999 3541 1031 3593 et
1048 3552 1154 3609 suave,
1178 3528 1229 3591 his

159 3634 264 3698 tribus
289 3635 479 3699 brevitatem
504 3645 535 3699 61
559 3636 755 3700 evidentiam
779 3659 819 3699 ex
839 3637 1031 3700 narrationis
1048 3636 1229 3720 praeceptis

158 3743 274 3828 petita,
312 3742 430 3828 quippe
460 3766 542 3828 quae
573 3745 608 3807 in
632 3743 692 3806 hac
717 3755 807 3826 parte
832 3743 901 3806 sola
924 3765 989 3806 non
1012 3755 1227 3806 versarentur.

159 3844 225 3914 Sed
249 3849 288 3914 (16
312 3859 379 3914 1616
403 3851 468 3914 iam
492 3856 609 3934 genere
633 3873 691 3914 sua
715 3859 828 3933 sponte
852 3848 923 3912 fuso
948 3849 1098 3914 diximus.

250 3987 270 4056 ⁹)
291 3986 332 4043 cf.
351 3987 529 4041 Maximiliani
548 3986 691 4041 Schmidtii
711 3987 963 4040 commentationem
989 3987 1022 4042 de
1041 3988 1229 4060 Theophrasto

160 4075 276 4147 rhetore,
296 4076 339 4132 ed.
357 4077 435 4130 Halis
455 4096 479 4131 a.
499 4078 576 4146 1839,
595 4095 621 4147 p.
636 4078 679 4132 37.
