2746 4560
711 169 753 233 34

197 349 250 435 qui
275 349 307 413 in
331 347 566 415 Partitionibus
597 357 802 433 exponuntur
824 346 918 429 facta,
955 368 1037 430 quae
1070 345 1104 408 in
1140 344 1197 408 lib.
1225 345 1268 408 de

196 458 261 521 inv.
297 457 332 521 in
367 456 408 520 iis
443 467 653 521 numerantur
688 477 770 540 quae
805 453 952 539 personis
987 453 1142 518 attributa
1178 465 1266 516 sunt.

194 563 337 628 Eosdem
361 563 458 645 igitur
480 563 568 626 locos
593 563 647 647 qui
672 563 704 625 in
722 560 956 626 Partitionibus
980 561 1021 624 ad
1045 561 1267 624 coniecturam

197 671 377 735 referuntur
401 666 516 734 Cicero
540 670 574 732 in
597 669 653 734 lib.
680 668 718 732 de
743 669 808 732 inv.
832 669 866 732 in
891 669 1070 753 praeceptis
1095 668 1267 730 confirma·

197 778 294 842 tionis
319 786 523 840 tractaverat.
569 776 736 840 Nonnulla
770 786 879 840 autem
913 798 995 860 quae
1030 774 1172 860 primum·
1193 796 1268 859 per·

199 885 287 949 sonis
312 895 344 947 et
366 884 505 966 negotiis
530 884 711 947 subiecerat
727 883 907 947 accuratius
924 894 1036 967 postea
1052 881 1122 967 pari
1137 881 1267 945 ratione

198 1013 271 1056 cum
309 991 455 1076 personis
503 1001 535 1054 et
577 990 715 1074 negotiis
756 990 933 1054 coniunxit.
998 989 1082 1054 Nam
1126 988 1188 1052 etsi
1232 988 1267 1051 in

193 1099 336 1182 negotiis
372 1097 550 1162 tractandis
585 1097 648 1161 loci
683 1106 715 1160 et
758 1106 903 1181 tempora
936 1106 968 1160 et
1009 1105 1143 1160 eventus
1178 1105 1267 1160 recte

199 1215 393 1291 spectantur,
434 1215 542 1269 tamen
582 1204 693 1268 eadem
734 1227 830 1289 saepe
868 1227 934 1267 non
971 1203 1077 1267 minus
1117 1212 1191 1288 apte
1231 1203 1266 1267 in

197 1314 345 1399 personis
391 1310 588 1375 considerari
638 1322 782 1395 possunt.
845 1312 888 1375 Et
939 1322 1014 1374 sunt
1055 1310 1136 1374 haec
1174 1332 1267 1395 prae·

198 1432 296 1501 terea,
333 1441 428 1502 quem
453 1416 647 1480 admodum
671 1418 765 1500 facta,
802 1418 849 1481 ita
883 1419 923 1482 ab
958 1417 1037 1502 ipsis
1061 1418 1211 1501 personis
1235 1428 1269 1481 et

198 1526 337 1609 negotiis
362 1524 490 1588 diversa
514 1533 545 1587 et
570 1525 715 1589 seiuncta
749 1536 784 1589 ut
818 1526 886 1589 iure
921 1525 1027 1610 potius
1062 1547 1120 1609 per
1144 1547 1180 1590 se
1202 1524 1265 1590 loci

199 1655 297 1717 quam
320 1632 412 1716 quasi
436 1632 581 1695 membra
603 1631 748 1695 locorum
772 1631 921 1696 habenda
946 1632 1125 1696 videantur.

289 1736 381 1818 Quae
405 1748 512 1802 autem
539 1737 580 1801 ad
608 1761 763 1823 personas
791 1740 953 1824 pertinent
980 1740 1013 1802 in
1049 1739 1129 1802 duas
1158 1749 1258 1825 partes

201 1845 445 1927 distribuuntur,
470 1855 618 1908 naturam
643 1855 675 1908 et
690 1845 851 1908 fortunam
868 1841 1010 1929 (10‚35);
1036 1868 1116 1930 quae
1134 1844 1258 1930 quidem

200 1952 341 2017 secunda
365 1961 396 2016 et
420 1963 534 2037 quarta
558 1961 633 2015 sunt
658 1975 697 2015 ex
716 1952 864 2016 undecim
879 1953 944 2017 illis
961 1954 1107 2037 partibus
1132 1953 1168 2017 in
1185 1975 1263 2038 quas

200 2061 252 2124 hic
277 2061 367 2124 locus
391 2060 425 2122 in
449 2059 504 2122 lib.
531 2058 569 2122 de
593 2059 658 2123 inv.
684 2055 727 2142 (l,
747 2060 798 2142 24,
818 2061 860 2124 34
876 2056 962 2145 sqq.)
987 2060 1152 2125 dividitur.
1202 2058 1268 2126 Sed

200 2169 405 2253 perspicuum
429 2178 478 2231 est
501 2167 541 2230 ad
565 2167 624 2232 has
650 2167 728 2232 duas
758 2168 915 2250 notiones,
945 2189 1080 2251 quarum
1105 2168 1208 2232 altera
1233 2191 1271 2232 ea

201 2298 283 2360 quae
306 2276 341 2338 in
363 2296 502 2360 persona
526 2274 597 2360 ipsa
620 2275 771 2357 insident,
798 2275 899 2338 altera
924 2298 961 2338 ea
985 2297 1067 2360 quae
1097 2276 1192 2359 quasi
1216 2299 1272 2340 ex·

200 2391 293 2445 terna
317 2393 392 2445 sunt
416 2381 651 2466 complectitur,
689 2383 797 2447 omnia
824 2405 920 2468 posse
948 2405 1030 2467 quae
1055 2382 1094 2445 de
1119 2385 1272 2467 personis

203 2486 339 2551 dicenda
366 2488 431 2552 sint
446 2489 601 2552 revocari.
646 2488 791 2553 Primum
808 2491 907 2574 igitur
925 2501 1072 2554 naturam
1089 2489 1270 2574 videamus,

202 2618 293 2680 quae,
318 2605 353 2659 ut
376 2596 410 2658 in
433 2594 666 2660 Partitionibus
690 2597 893 2681 praecipitur,
920 2607 952 2660 et
967 2598 1001 2660 in
1022 2619 1154 2681 corpore
1180 2621 1271 2683 spec-

202 2712 288 2766 tatur
313 2703 401 2766 etin
437 2701 554 2766 animo.
601 2700 640 2765 In
675 2703 769 2766 libris
806 2715 912 2767 autem
949 2703 987 2768 de
1007 2705 1087 2768 inv.
1116 2704 1270 2789 primum,

202 2810 347 2895 partibus
371 2818 504 2873 naturae
521 2810 725 2892 enumeratis,
751 2809 792 2873 ad
809 2810 975 2873 hominum
995 2819 1143 2874 naturam
1160 2834 1270 2896 sexuS,

203 2919 300 3000 natio,
337 2918 452 3003 patria,
490 2918 647 3001 cognatio,
684 2927 772 2982 aetas
795 2917 984 2982 referuntur.
1031 2918 1159 2982 Deinde
1184 2942 1269 2985 corn·

203 3025 298 3089 moda
323 3037 354 3088 et
377 3023 582 3088 incommoda
605 3034 896 3089 commemorantur
913 3034 944 3088 et
960 3026 1103 3110 corporis
1120 3034 1152 3088 ct
1168 3028 1272 3091 animi

204 3142 299 3215 atque
322 3132 369 3194 ita
392 3130 433 3195 ad
458 3154 529 3194 eam
553 3132 759 3216 partitionem
782 3154 864 3216 quae
894 3132 998 3217 prima
1026 3143 1075 3196 est
1102 3132 1136 3194 in
1164 3132 1272 3199 Parti-

203 3238 346 3302 tionibus
369 3238 564 3324 pervenitur.
615 3240 659 3303 Et
687 3240 828 3321 singula,
861 3261 942 3323 quae
970 3240 1005 3303 in
1033 3238 1272 3307 Partitionibus

203 3346 238 3409 in
263 3367 394 3429 corpore
419 3354 451 3408 et
474 3345 581 3408 animo
611 3346 761 3409 dicuntur
788 3346 995 3429 considerari,
1032 3346 1130 3410 etiam
1153 3348 1188 3411 in
1212 3350 1271 3414 lib.

205 3451 244 3516 de
266 3451 332 3516 inv.
355 3451 581 3536 respiciuntur.
629 3449 721 3531 Quae
745 3463 853 3515 tamen
878 3452 918 3516 ad
943 3455 1086 3518 animum
1106 3457 1273 3539 pertinent

204 3582 270 3624 non
293 3558 397 3623 solum
420 3559 454 3622 in
479 3558 655 3623 commodis
680 3559 794 3641 animi,
833 3581 914 3644 quae
942 3561 984 3624 ad
1012 3572 1161 3624 naturam
1189 3564 1272 3628 refe-

204 3675 318 3733 runtur
340 3661 395 3749 (de
418 3665 485 3732 inv.
512 3661 695 3749 1,24,35),
726 3665 783 3730 sed
807 3667 904 3732 etiam
927 3668 961 3730 in
986 3668 1099 3752 quinta
1123 3677 1154 3730 et
1179 3680 1274 3734 sexta

206 3797 245 3837 ex
269 3775 309 3839 iis
333 3775 430 3840 rebus
455 3796 536 3859 quae
560 3775 707 3859 personis
731 3774 905 3838 attributae
930 3784 1012 3857 sunt,
1043 3774 1076 3837 in
1101 3774 1215 3840 habitu
1240 3790 1275 3842 et

205 3880 385 3946 adfectione
410 3882 519 3966 animi,
556 3892 742 3946 tractantur.
791 3879 850 3945 Sin
878 3882 986 3945 omnia
1021 3881 1061 3944 ad
1086 3881 1165 3946 duas
1190 3906 1272 3968 quas

205 3997 280 4052 ante
305 3988 444 4054 diximus
468 3990 617 4053 notiones
654 3999 745 4054 erant
779 3987 971 4070 revocanda,
1006 3999 1094 4072 patet
1122 4010 1159 4052 ea
1188 4013 1273 4075 quae
