2746 4560
667 212 708 276 67

151 388 252 452 tionis
281 388 428 453 collocat.
476 385 563 467 Quin
593 389 703 471 etiam,
742 411 935 474 quamquam
966 399 998 453 et
1025 389 1222 455 defensionis

152 495 333 560 rationibus
358 507 389 560 et
412 496 629 560 accusationis
654 518 767 560 causas
792 496 951 560 contineri
975 497 1141 580 ostendit‚‘
1165 521 1222 562 no-

151 603 294 667 minibus
319 602 477 688 ponendis
502 625 633 687 prorsus
657 603 691 665 in
716 604 910 667 contrariam
933 613 1058 688 partem
1075 614 1172 688 atque
1188 606 1222 668 in

152 710 215 778 lib.¹
235 710 274 773 de
298 711 363 775 inv.
389 710 477 774 etin
501 711 558 775 lib.
584 709 623 773 de
647 733 692 778 or.
718 720 750 774 et
778 711 813 774 in
838 709 968 795 Topicis
1005 711 1143 776 discedit
1171 735 1222 776 ea·

153 840 214 902 que
239 818 356 902 quibus
381 828 549 882 accusator
572 818 679 902 potius
704 840 801 902 quam
827 819 943 902 quibus
969 818 1117 883 defensor
1140 821 1222 884 nita-

152 937 204 988 tur
228 925 427 989 continentia
451 947 566 989 causac
590 924 741 1010 appellat.
790 921 856 990 Sed
880 925 945 988 iam
970 925 1008 989 de
1032 927 1221 1010 quaestione

150 1031 327 1096 videndum
352 1041 402 1096 est
425 1054 507 1116 quae
531 1055 571 1096 cx
596 1031 801 1096 conflictione
824 1031 961 1096 rationis
978 1042 1010 1095 et
1025 1033 1221 1097 firmamenti

151 1140 295 1223 gignitur
319 1150 350 1204 et
374 1163 393 1204 a
416 1138 550 1204 Graecis
574 1139 770 1220 κρινόμενον,
794 1138 988 1205 1011111111
1012 1141 1046 1204 in
1070 1139 1222 1205 Partitio-

151 1247 248 1312 nibus
271 1244 337 1331 (30,
366 1245 443 1327 104)
468 1247 674 1332 disceptatio,
710 1248 745 1311 in
773 1247 829 1311 lib.
860 1248 898 1310 dc
923 1270 968 1311 or.
993 1244 1037 1329 (2,
1064 1248 1115 1329 30,
1143 1243 1221 1327 132)

152 1354 239 1438 quod
254 1356 289 1418 in
305 1355 460 1419 iudicium
486 1354 583 1439 venit,
608 1355 643 1418 in
660 1352 790 1440 Topicis
808 1349 875 1437 (25,
894 1350 950 1436 95)
967 1376 1031 1438 qua
1048 1353 1137 1418 dere
1153 1357 1220 1439 agi·

153 1475 205 1526 tur
227 1474 370 1527 vocatur.
404 1460 496 1542 Quae
521 1485 593 1526 cum
618 1463 785 1546 angustior
801 1462 843 1526 sit
859 1462 916 1526 illa
932 1462 1120 1546 quaestione
1137 1484 1220 1546 quae

152 1593 193 1634 ex
227 1571 332 1654 prima
364 1570 598 1634 adfirmationis
627 1580 659 1633 et
687 1571 869 1653 negationis
905 1570 1110 1633 contentione
1146 1592 1220 1634 exo·

150 1678 234 1741 ritur
248 1674 302 1760 (cf.
320 1701 350 1763 p.
369 1700 414 1742 or.
432 1677 452 1742 l.
471 1673 506 1761 l.)
522 1677 791 1763 potissimumque
811 1677 959 1762 quaestio
976 1677 1009 1740 in
1026 1677 1082 1741 lib.
1101 1677 1140 1741 de
1155 1678 1221 1743 inv.

151 1781 195 1868 (1,
216 1787 266 1866 13,
286 1787 340 1868 183
367 1786 396 1869 2,
415 1787 467 1868 21,
485 1782 542 1866 62)
566 1785 754 1871 appellatur,
779 1807 845 1848 non
860 1793 947 1847 recte
966 1805 1038 1847 eam
1055 1780 1169 1848 Cicero
1185 1784 1220 1848 in

152 1890 283 1976 Topicis
307 1916 348 1956 ex
370 1893 442 1977 ipso
467 1903 553 1956 statu
576 1892 661 1955 effici
685 1892 731 1955 ait
754 1913 854 1975 eoque
874 1891 982 1954 minus
1000 1889 1084 1974 quod
1101 1912 1141 1953 ex
1157 1914 1221 1954 una

153 1999 365 2064 conflictionis
389 2010 490 2085 parte,
516 2021 612 2083 quam
637 2020 708 2062 esse
731 1999 765 2061 in
783 1998 913 2081 Topicis
934 1997 1099 2061 notionem
1116 2008 1219 2061 status

152 2129 249 2191 supra
273 2106 449 2189 docuimus
474 2128 588 2190 parum
612 2117 759 2169 accurate
784 2105 903 2169 dixeris
921 2106 1076 2169 exsistere
1094 2119 1219 2168 contro-

152 2213 301 2277 versiam.
326 2212 479 2277 Nondum
494 2212 593 2296 igitur
606 2207 720 2276 Cicero
737 2234 856 2275 novum
872 2210 952 2275 illud
965 2210 1051 2296 quod
1066 2212 1099 2274 in
1117 2222 1219 2276 status
1267 2282 1270 2289 ,

152 2321 311 2383 rationem
334 2319 506 2383 induxerat
521 2330 587 2383 tam
605 2319 774 2402 diligenter
790 2319 983 2404 expendisse
998 2319 1126 2383 videtur
1142 2320 1220 2404 quin

155 2427 188 2490 in
214 2426 484 2512 disceptationum
507 2428 686 2511 praeceptis
707 2427 810 2510 magis
828 2436 967 2490 veterem
984 2449 1074 2490 suam
1093 2435 1220 2490 senten·

151 2535 231 2598 tiam
256 2534 295 2599 de
319 2535 450 2599 notione
474 2546 576 2600 status
601 2546 796 2618 sequeretur.
829 2533 925 2615 Quod
949 2534 1078 2620 quidem
1094 2542 1220 2598 tantum

152 2644 245 2708 atesi
268 2652 304 2707 a
325 2643 361 2706 in
383 2624 617 2707 cartusianus
644 2641 823 2706 scribendis
849 2642 878 2706 01
905 2641 1058 2706 accidere
1080 2651 1115 2704 a
1137 2664 1220 2726 quae

152 2751 186 2814 in
209 2750 272 2815 hoc
294 2749 406 2814 libello
431 2749 470 2815 de
495 2750 631 2815 statibus
657 2761 688 2814 et
712 2749 998 2835 disceptationibus
1015 2758 1221 2835 exponuntur

151 2859 260 2923 omnia
292 2859 376 2922 inter
412 2879 446 2922 se
482 2857 694 2922 consentiant.
742 2856 939 2920 Definitione
975 2850 1219 2940 disceptationis

153 2967 303 3031 absoluta
325 2967 443 3051 repetit
459 2961 573 3030 Cicero
598 2965 736 3050 quaein
760 2964 815 3028 lib.
842 2963 880 3027 de
903 2965 969 3027 inv.
995 2976 1027 3026 et
1048 2963 1083 3026 in
1106 2961 1161 3026 lib.
1180 2962 1219 3027 de

152 3096 197 3139 or.
222 3089 410 3159 persecutus
435 3083 513 3155 erat,
539 3072 675 3136 eandem
699 3093 770 3135 esse
794 3072 827 3134 in
853 3071 1037 3134 coniectura
1061 3069 1219 3155 discepta-

150 3183 273 3246 tionem
305 3190 337 3244 et
365 3182 502 3264 primam
532 3180 753 3266 quaestionem
778 3175 831 3261 (of.
856 3201 886 3263 p.
912 3200 957 3241 or.
983 3178 1035 3260 30,
1062 3178 1142 3258 1043
1180 3177 1219 3241 de

150 3290 216 3353 inv.
244 3293 272 3370 1,
300 3288 350 3369 14,
378 3285 433 3366 19)
469 3298 501 3351 et
535 3309 631 3372 posse
665 3286 761 3350 huius
789 3285 877 3349 modi
906 3285 1141 3349 controversias
1178 3284 1219 3348 ad

151 3396 374 3482 quaestionem
397 3394 580 3458 universam
603 3393 748 3459 revocari
783 3390 828 3479 (p.
854 3415 899 3456 or.
926 3394 977 3474 30,
1005 3393 1082 3473 1063
1109 3391 1147 3454 de
1172 3415 1217 3456 or.

150 3505 180 3587 2,
208 3504 259 3584 31,
288 3502 366 3584 1343
392 3500 431 3566 ef.
457 3525 501 3566 or.
528 3499 677 3584 36,126)
701 3501 909 3585 eiusdemque
934 3499 1055 3584 Opimii
1081 3513 1113 3563 et
1135 3499 1217 3563 Nor·

150 3611 227 3675 bani
251 3618 284 3672 11
298 3607 394 3673 Decii
418 3608 523 3673 causis
547 3631 616 3672 rem
639 3608 790 3673 inlustrat
812 3607 866 3691 (cf.
891 3607 947 3670 lib.
973 3606 1012 3670 de
1036 3628 1082 3670 or.
1108 3607 1137 3685 2,
1164 3606 1216 3688 30,

152 3720 216 3785 132
235 3739 320 3802 sqq.;
346 3717 376 3799 2,
402 3717 453 3797 25,
482 3717 545 3780 106
562 3737 631 3800 sqq.
658 3711 743 3794 oet).
790 3710 874 3778 Sunt
901 3714 999 3777 etiam
1026 3714 1061 3776 in
1083 3735 1217 3776 numero

152 3825 422 3910 disceptationum
447 3822 683 3886 controversiae
708 3821 819 3906 scripti
843 3817 909 3904 (31,
933 3821 995 3884 107
1014 3816 1109 3904 sqq),
1136 3841 1217 3903 quae

150 3935 184 3998 in
208 3932 442 3998 Partitionibus
467 3952 539 3995 cum
562 3952 666 4014 neque
689 3930 724 3993 in
747 3929 964 3992 coniecturam
986 3950 1090 4012 neque
1113 3927 1148 3991 in
1165 3927 1217 3991 de·

149 4039 332 4106 finitionem
365 4040 528 4104 incurrere
558 4037 719 4121 dicantur,
755 4035 1009 4120 intellegendum
1031 4045 1081 4101 est
1104 4057 1158 4101 eas
1181 4035 1216 4099 in
