2746 4560
671 237 713 302 25

152 415 333 500 praeceptis
363 415 481 479 Latine
518 413 647 478 dicendi
682 416 830 499 tetigerat
864 412 918 498 (de
948 439 992 480 or.
1019 417 1048 499 3,
1076 417 1127 499 11,
1152 410 1219 499 40),

151 531 239 586 recte
263 522 297 585 in
321 522 502 585 coniunctis
527 521 728 606 explicandis
749 522 898 607 loquitur.

242 629 416 693 Accedunt
440 627 580 713 quinque
604 629 697 713 quasi
720 629 843 692 lumina
859 630 1054 715 simplicium
1071 630 1221 694 coniunc-

151 747 321 821 torumque
346 735 542 816 communia,
580 734 771 819 dilucidum,
809 737 923 818 breve,
960 737 1141 822 probabile,
1173 738 1220 801 in·

152 845 262 926 lustre,
289 865 388 906 suave
412 839 459 925 (6,
486 837 550 925 19).
585 841 728 907 Lumina
751 852 858 906 autem
882 844 1084 928 appellantur
1107 845 1140 908 in
1163 845 1219 909 lib.

153 952 192 1014 de
217 974 263 1014 or.
289 960 321 1014 et
349 951 383 1012 in
412 949 548 1014 Oratore
583 973 649 1014 non
685 951 898 1015 communiter
928 951 1063 1015 virtutes
1092 951 1221 1016 dicendi

146 1059 211 1129 ,sed
239 1058 367 1143 proprie
397 1059 568 1122 verborum
605 1069 637 1122 et
672 1059 907 1123 sententiarum
941 1060 1063 1143 figurae
1098 1055 1151 1142 (da
1174 1082 1219 1124 or.

154 1167 183 1247 3,
210 1167 262 1246 52,
288 1167 351 1230 201
370 1187 454 1250 sqq.;
486 1167 515 1248 3,
549 1167 601 1249 54,
635 1167 717 1240 206;
748 1189 793 1230 or.
828 1168 879 1249 39,
914 1167 978 1231 135
991 1161 1092 1251 sqq.)3
1117 1189 1220 1251 neque

152 1274 242 1357 ipsae
264 1273 397 1337 virtutes
414 1274 578 1356 orationis,
604 1296 686 1357 quae
702 1274 749 1337 ibi
765 1275 800 1337 in
815 1274 942 1357 Latine,
968 1273 1072 1356 plane,
1098 1283 1219 1354 ornate,

153 1389 227 1463 apte
252 1378 385 1443 dicendo
409 1394 585 1464 ponuntur,
623 1380 736 1444 eodem
764 1381 859 1444 modo
888 1391 985 1465 atque
1013 1380 1048 1443 in
1071 1379 1220 1444 Partitio-

153 1486 249 1550 nibus
273 1485 445 1572 discriptae
474 1509 512 1551 ac
535 1487 728 1551 distributae
756 1497 840 1552 sunt.
888 1484 954 1552 Sed
989 1487 1116 1571 singula
1151 1510 1220 1572 per-

153 1605 340 1658 scrutemur.
388 1592 440 1659 De
469 1594 610 1659 dilucido
639 1595 737 1679 igitur
767 1617 882 1679 genere
911 1594 1024 1659 eadem
1047 1595 1113 1658 fere
1138 1618 1220 1680 quae

152 1700 187 1763 in
209 1700 265 1765 lib.
291 1701 330 1765 de
355 1725 400 1767 or.
418 1698 462 1784 (3,
490 1703 540 1783 13,
567 1698 624 1784 49)
649 1702 898 1787 praecipiuntur,
924 1712 959 1765 ut
976 1701 1014 1765 de
1031 1701 1140 1765 verbis
1157 1702 1219 1766 usi-

150 1807 227 1873 tatis
252 1817 284 1871 et
307 1809 455 1894 propriis,
482 1808 520 1873 de
545 1808 746 1893 longitudine
771 1819 803 1873 et
826 1809 1036 1893 ambiguitate
1053 1810 1218 1891 orationis,

150 1915 190 1979 de
213 1915 450 1980 tralationibus
497 1917 662 1981 Nonnulla
699 1927 808 1981 autem
840 1918 875 1980 in
898 1916 1131 1983 Partitionibus
1166 1917 1220 1981 ad·

152 2023 279 2106 duntur,
316 2033 352 2086 ut
376 2023 415 2086 de
439 2024 547 2087 verbis
572 2023 752 2109 dispositis,
791 2024 830 2088 da
853 2024 1108 2107 intermissione,
1146 2047 1219 2089 con-

151 2131 289 2212 cisione,
326 2132 545 2195 contractione
574 2132 739 2195 orationis.
786 2131 935 2197 Brevitas
970 2133 1130 2217 quomodo
1166 2133 1219 2197 ad-

152 2238 317 2321 sequenda
340 2238 383 2302 sit
406 2239 547 2323 apertius
573 2238 755 2302 declaratur
769 2239 804 2301 in
820 2237 1053 2305 Partitionibus
1070 2262 1166 2324 quam
1186 2240 1220 2303 in

151 2345 286 2430 reliquis
309 2346 415 2427 libris,
453 2368 526 2409 eum
549 2346 652 2410 tribus
676 2347 772 2410 rebus
797 2347 912 2410 confici
937 2347 1072 2430 dicatur,
1110 2348 1218 2412 verbis

153 2451 356 2536 simplicibus
381 2452 522 2534 utendis,
549 2453 648 2517 semel
671 2476 736 2517 una
759 2475 885 2538 quaque
909 2477 943 2517 re
968 2453 1118 2536 dicenda,
1150 2477 1219 2540 per·

151 2559 317 2644 spicuitati
343 2560 523 2624 serviendo.
571 2561 678 2624 Antea
707 2559 792 2624 hanc
815 2561 966 2624 virtutem
992 2558 1106 2626 Cicero
1136 2563 1220 2625 inter

149 2668 271 2747 figuras
295 2667 528 2730 sententiarum
551 2667 787 2749 nominaverat,
761 2667 893 2751 tsed,
931 2678 967 2731 ut
989 2670 1058 2732 fieri
1083 2669 1217 2745 solebat,

149 2774 322 2858 praecipue
358 2774 392 2837 in
425 2783 575 2858 praecept
577 2773 605 2838 is
637 2775 831 2840 narrationis
866 2785 949 2839 ttrac
951 2786 1061 2839 averat
1095 2773 1139 2858 (2,
1165 2778 1217 2857 80,

150 2876 240 2963 326).
287 2880 461 2944 Probabile
493 2903 620 2966 quoque
648 2882 802 2946 orationis
831 2905 932 2965 genus
962 2884 996 2946 in
1024 2882 1218 2945 narrationis

150 2988 331 3073 praeceptis
355 2989 514 3072 tetigerat.
561 2988 778 3054 Probabiliter
806 2989 893 3053 enim
920 3012 1050 3053 narrare
1079 2984 1139 3071 (or.
1165 2989 1216 3070 35,

153 3089 231 3170 122)
254 3095 392 3160 iusserat
416 3095 598 3180 similiaque
621 3096 656 3158 in
676 3095 749 3160 aliis
766 3096 858 3160 libris
876 3097 1049 3181 scripserat
1065 3096 1104 3159 de
1120 3096 1217 3160 nimis

153 3211 280 3286 compta
302 3203 446 3267 oratione
474 3200 533 3284 (or.
558 3204 611 3284 23,
639 3198 709 3285 78),
747 3204 787 3267 de
822 3203 1018 3289 ponderibus
1046 3205 1217 3267 verborum

153 3305 207 3389 (de
232 3331 277 3373 or.
302 3309 331 3391 2,
359 3311 409 3393 17,
436 3308 507 3392 73),
534 3309 572 3373 de
597 3311 755 3394 gravitate
780 3313 1012 3376 sententiarum
1035 3305 1152 3393 (ibid),
1179 3310 1217 3374 de

152 3416 298 3479 oratione
325 3416 364 3480 ad
397 3440 501 3482 mores
530 3417 698 3482 hominum
731 3418 1003 3482 accommodanda
1038 3414 1092 3501 (dc
1116 3442 1160 3481 or.
1186 3419 1215 3498 2,

151 3523 204 3606 82,
231 3518 319 3606 337),
344 3534 376 3587 et
398 3524 459 3588 hoc
483 3524 613 3609 quidem
637 3537 816 3589 extremum
843 3526 900 3591 ubi
928 3527 1077 3589 universe
1102 3525 1218 3608 agebat

151 3629 191 3694 de
214 3630 424 3715 probabiliter
448 3631 594 3695 dicendo.
640 3633 709 3696 Nec
727 3643 835 3696 tamen
857 3632 937 3696 haec
961 3632 1089 3715 singula
1111 3632 1145 3693 in
1168 3653 1217 3693 re-

149 3738 247 3822 liquis
282 3737 375 3802 libris
410 3739 456 3802 ita
484 3749 559 3803 sunt
588 3749 772 3822 comparata
799 3749 833 3802 ut
861 3738 901 3801 ad
926 3762 1024 3801 unum
1047 3736 1215 3822 probabile

150 3844 279 3908 dicendi
302 3867 404 3930 genus
433 3843 622 3908 referantur.
670 3844 820 3908 Inlustris
849 3866 930 3928 quae
958 3844 1075 3907 dicitur
1104 3845 1215 3927 oratio,

150 3975 232 4037 quae
255 3975 323 4016 rem
346 3974 448 4037 paene
474 3964 547 4015 ante
571 3951 681 4014 oculos
706 3951 881 4031 constituit,
904 3973 967 4034 qua
989 3953 1026 4015 fit
1050 3963 1084 4016 ut
1107 3952 1216 4016 videre

150 4058 326 4143 videamur,
351 4059 433 4122 nihil
458 4070 507 4122 est
529 4058 617 4122 aliud
641 4058 704 4121 nisi
728 4058 814 4142 quod
840 4054 963 4123 Graece
986 4058 1136 4142 ἐνάργεια
1160 4058 1214 4143 (cf.
