2746 4560
683 228 725 291 65

166 401 298 488 Topicis
322 402 426 489 ipsam
451 426 618 468 causarum
647 402 883 468 conflictionem
921 403 977 469 sed
1012 404 1234 470 tantummodo

153 510 246 574 illud
270 521 388 575 statum
412 532 483 574 esse
507 510 670 595 significat
693 533 755 596 quo
779 510 949 575 resistatur
972 511 1084 574 autin
1107 533 1169 596 quo
1194 510 1235 575 ad

152 617 380 683 resistendum
416 617 621 682 consistatur.
672 616 803 681 Etenim
839 617 885 681 sic
919 640 988 681 rem
1023 617 1164 703 explicat
1200 628 1234 682 ut

116 781 118 785 .
150 735 284 790 statum
307 724 533 791 refutationem
557 747 628 790 esse
652 725 867 790 accusationis
892 724 978 789 dicat
1001 721 1080 811 (top.
1099 726 1151 808 25,
1176 723 1233 808 93)

115 853 118 860 ·
149 843 199 897 et
222 843 307 898 statu
335 831 442 916 aliquo
470 832 579 896 resisti
606 828 651 916 (p.
669 854 714 895 or.
732 832 784 915 29,
813 826 890 913 102)
927 841 959 895 et
986 856 1085 896 unum
1109 832 1234 917 aliquid

151 962 205 1005 cx
228 939 333 1004 tribus
357 939 467 1022 negari
491 934 536 1023 (p.
554 961 599 1002 or.
617 939 671 1021 29,
689 934 766 1021 101)
791 948 846 1003 aut
862 939 896 1002 in
913 949 998 1004 statu
1015 938 1235 1004 defensionem

153 1046 207 1110 ‚ad
230 1045 475 1132 repugnandum
502 1045 653 1110 insistere
681 1041 760 1131 (top.
778 1046 831 1128 25,
857 1041 914 1128 93)
943 1058 975 1110 et
1003 1046 1138 1131 gradum
1163 1048 1235 1132 capi

151 1154 206 1218 -ad
230 1153 446 1218 resistendum
481 1151 525 1238 (p.
548 1176 592 1217 or.
616 1153 669 1233 29,
698 1147 774 1235 101)
809 1164 841 1217 et
875 1153 996 1238 triplici
1030 1153 1124 1218 modo
1161 1176 1234 1219 con·

152 1260 345 1325 ¹sistendum
369 1283 440 1326 esse
464 1257 581 1344 (ibid).
629 1259 721 1340 Quae
744 1260 832 1324 notio
858 1260 1111 1344 constitutionis,
1137 1283 1234 1346 quam

164 1377 250 1432 recte
275 1365 495 1447 Quintilianus
519 1364 564 1451 (3,
589 1369 619 1450 6,
647 1364 702 1450 13)
736 1368 777 1431 ab
802 1367 903 1432 altera
925 1368 1057 1432 notione
1082 1369 1230 1450 secernit,

150 1475 407 1540 accommodata
429 1475 557 1539 videtur
581 1475 621 1539 ad
646 1474 826 1559 simplicem
842 1486 874 1538 et
888 1484 1036 1560 paratam
1052 1474 1129 1540 novi
1145 1475 1232 1539 illius

164 1582 305 1647 nominis
329 1583 628 1668 interpretationem
649 1578 703 1665 (cf.
720 1592 786 1667 top.
804 1582 856 1665 25,
875 1576 942 1664 93).
990 1578 1101 1647 Status
1125 1592 1233 1651 autem

161 1713 281 1754 nomen
305 1713 324 1754 a
348 1687 504 1754 Cicerone
527 1689 667 1775 primum
690 1689 725 1752 in
749 1688 878 1775 Topicis
903 1688 945 1752 ad
969 1689 1231 1753 constitutionem

151 1799 397 1882 designandam
437 1799 618 1863 adhibitum
655 1798 758 1862 videri
797 1798 1008 1863 ostendimus.
1066 1798 1136 1863 Iam
1171 1798 1233 1862 boc

164 1907 326 1971 neminem
350 1916 456 1991 potest
484 1907 594 1990 fugere
620 1927 725 1990 neque
755 1915 857 1970 status
888 1905 999 1990 quales
1024 1905 1231 1989 exposuimus

151 2015 228 2079 nisi
251 2015 286 2078 in
310 2036 426 2098 genere
453 2013 598 2077 iudiciali
626 2013 702 2076 oriri
738 2022 770 2076 et
804 2013 845 2076 ab
880 2011 932 2075 his
967 2011 1134 2095 generales
1158 2011 1232 2076 illas

165 2122 412 2186 constitutiones
441 2142 521 2204 quae
551 2121 585 2182 in
614 2119 819 2183 suasionibus
844 2129 876 2182 et
898 2117 1137 2184 laudationibus
1162 2141 1231 2182 rer·

151 2237 276 2291 santur
299 2227 395 2311 plane
418 2248 488 2290 esse
513 2221 709 2308 diversas¹³).
756 2227 802 2290 At
825 2225 858 2290 in
883 2226 939 2290 lib.
965 2225 1004 2290 de
1028 2226 1093 2290 inv.
1115 2225 1228 2294 barum

162 2333 273 2418 aliqua
289 2333 561 2416 constitutionum,
588 2355 670 2417 quae
692 2332 727 2396 in
743 2355 860 2416 genere
876 2332 1019 2396 iudiciali
1037 2355 1099 2397 uno
1124 2333 1229 2396 oriun-

163 2451 224 2522 tur,
249 2440 431 2504 necessario
455 2440 489 2503 in
514 2461 608 2504 omne
632 2462 733 2523 genus
758 2461 925 2504 causarum
950 2439 1068 2504 dicitur
1087 2440 1228 2504 incidere

151 2543 207 2629 ,(1,
233 2547 263 2630 8,
291 2548 346 2628 103
374 2547 401 2629 l,
430 2548 480 2630 10,
507 2547 562 2629 143
589 2545 627 2610 cf.
645 2545 772 2611 Volkm.
790 2546 811 2611 l.
828 2547 849 2611 l.
866 2569 897 2632 p.
915 2541 985 2630 51);
1016 2546 1227 2632 similiterque

149 2663 333 2739 'peccatum
357 2663 406 2719 est
428 2655 462 2718 in
487 2652 617 2740 Topicis
641 2650 712 2738 (25,
738 2655 794 2737 93;
831 2655 870 2720 cf.
889 2653 1016 2719 Volkm.
1034 2655 1055 2720 l.
1072 2656 1094 2719 l.
1111 2678 1141 2740 p.
1160 2653 1227 2736 53).

148 2759 304 2826 Eosdem
327 2761 414 2827 enim
430 2756 545 2825 Cicero
568 2762 602 2825 in
627 2761 914 2827 deliberationibus
939 2774 971 2825 et
987 2761 1227 2826 laudationibus

160 2879 264 2932 status
289 2891 369 2953 quos
392 2868 427 2932 in
443 2891 559 2953 genere
575 2868 720 2932 iudiciali
745 2869 900 2933 exsistere
925 2868 1081 2932 adfirmat.
1123 2869 1228 2932 Abest

148 2986 267 3040 ¹autern
301 2975 397 3061 plane
424 2975 487 3039 hoc
514 2976 630 3040 vitium
657 2976 900 3040 Partitionibus.
951 2976 1036 3039 Nam
1071 2975 1132 3039 etsi
1167 2976 1229 3039 tria

160 3105 279 3166 genera
302 3083 526 3168 quaestionum
554 3083 590 3147 in
618 3083 734 3168 quibus
771 3083 854 3148 sitne
890 3081 1014 3167 aliquid
1043 3104 1145 3147 neone
1173 3094 1228 3146 aut

159 3190 238 3275 quid
263 3191 306 3254 sit
328 3205 383 3255 aut
406 3192 500 3275 quale
537 3192 579 3255 sit
614 3191 779 3275 quaeritur
808 3191 842 3254 in
872 3189 1109 3275 propositorum
1136 3211 1227 3274 prae·

159 3297 262 3382 ceptis
287 3299 489 3382 explicantur
508 3295 574 3382 (18,
593 3297 660 3381 62),
685 3309 794 3362 tamen
819 3297 858 3361 de
882 3297 1021 3362 statibus
1038 3318 1141 3381 neque
1165 3296 1227 3360 boc

158 3406 229 3468 loco
253 3426 358 3488 neque
381 3401 415 3467 i‘n
443 3405 621 3490 praeceptis
651 3404 919 3471 deliberationum
947 3414 978 3468 et
1005 3404 1226 3468 laudationum

157 3511 331 3596 quicquain
368 3509 489 3574 dictum
524 3521 586 3593 est3
624 3533 686 3596 quo
721 3511 851 3576 nomine
887 3534 943 3575 eae
979 3510 1225 3577 constitutiones

159 3618 248 3682 solae
272 3640 353 3703 quae
384 3627 459 3682 sunt
486 3618 612 3701 generis
640 3617 802 3682 iudicialis
831 3618 1050 3702 designantur.
1096 3619 1147 3682 Ac
1172 3614 1226 3681 Ci-

162 3747 313 3788 ceronem
335 3725 382 3788 ita
405 3746 545 3788 errorem
569 3745 665 3808 quem
694 3723 834 3788 diximus
862 3746 950 3789 mero
975 3747 1052 3789 casu
1076 3723 1226 3808 effugisse

247 3971 278 4038 1³)
299 3969 340 4027 Of.
359 3969 519 4024 Volkmann.
547 3967 625 4023 Rhet.
653 3968 748 4024 Graec.
773 3975 799 4022 et
822 3968 899 4024 Rom.
926 3968 968 4023 ed.
992 3970 1019 4039 2,
1042 3988 1089 4041 pp.
1106 3971 1142 4025 43
1155 3988 1225 4042 sqq,

147 4061 193 4115 >56
212 4077 272 4131 sqq.

212 4152 239 4192 ΜΙ
1046 4151 1063 4205 5
