2746 4560
668 247 708 311 37

149 432 199 488 est
234 423 407 509 descriptio
444 446 508 507 qua
535 445 617 507 quae
645 423 749 487 forma
778 433 809 486 et
837 424 928 509 quasi
957 425 1114 489 naturalis
1143 434 1219 488 nota

149 533 192 595 sit
214 531 407 597 describitur
423 528 476 612 (cf.
503 530 542 594 de
566 553 610 594 or.
636 532 665 612 3,
692 531 743 613 29,
771 526 858 613 115).
898 532 1022 596 Eadem
1045 533 1145 615 igitur
1168 555 1219 596 eo-

150 639 287 723 demque
318 639 431 702 ordine
459 649 555 722 atque
583 638 617 701 in
646 638 702 701 lib.
729 637 767 701 de
792 661 836 702 or.
862 640 1016 703 attributa
1040 639 1219 703 definitioni

149 756 225 811 sunt
252 748 286 809 in
312 743 454 831 Topicis.
499 745 537 808 In
562 743 797 809 Partitionibus
825 746 955 810 brevius
985 757 1017 809 et
1039 748 1218 811 accuratius

150 855 198 918 sic
227 851 403 916 definiendi
430 852 512 915 ratio
541 852 817 916 circumscribitur
845 862 879 915 ut
902 851 936 915 in
961 874 1076 937 genere
1101 855 1143 919 sit
1167 853 1219 918 de-

151 960 304 1025 clarando
330 972 362 1023 et
384 960 578 1045 proprietate
602 969 657 1023 aut
673 960 892 1023 communium
906 959 1097 1044 frequentia.
1132 961 1219 1025 Non·

150 1068 233 1132 nulli
258 1067 356 1130 etiam
379 1077 540 1152 ponuntur
564 1066 626 1131 loci
651 1066 858 1150 definitionis,
886 1067 1055 1149 contraria,
1082 1066 1220 1131 dissimi-

150 1176 205 1257 lia,
231 1174 330 1259 paria,
357 1173 597 1259 descriptiones,
624 1175 863 1259 consequentia,
882 1175 1055 1260 explicatio
1071 1174 1221 1239 vocabuli

152 1304 191 1346 ac
226 1281 365 1345 nominis
393 1276 459 1364 (12,
490 1278 558 1363 41).
605 1280 650 1344 Et
677 1282 812 1346 totidem
840 1282 873 1345 in
907 1281 1038 1367 Topicis
1065 1276 1132 1364 (23,
1164 1279 1221 1360 88)

153 1388 217 1451 loci
242 1389 274 1452 in
294 1388 387 1452 huius
405 1389 532 1473 generis
549 1390 755 1474 quaestiones
773 1390 945 1453 convenire
963 1388 1121 1471 dicuntur,
1147 1410 1221 1452 con-

154 1496 333 1580 sequentia,
371 1496 609 1577 antecedentia,
646 1497 868 1581 repugnantia,
899 1495 1063 1579 adiuncta,
1094 1517 1219 1576 causae,

155 1603 296 1668 effectus.
333 1603 437 1666 Nemo
455 1613 562 1667 autem
578 1604 633 1688 qui
649 1603 708 1668 hos
725 1604 823 1685 locos,
850 1603 1122 1688 consequentibus
1139 1624 1222 1687 quae

154 1711 321 1791 utrobique
358 1720 433 1774 sunt
466 1711 625 1796 exceptis,
663 1711 747 1774 inter
780 1733 814 1774 se
843 1709 1044 1811 contenderit
1075 1708 1222 1772 dubitare

152 1819 277 1902 poterit,
304 1819 337 1881 in
354 1817 588 1882 Partitionibus
613 1818 668 1903 qui
686 1828 914 1882 enumerantur
930 1818 1008 1902 quin
1026 1817 1092 1881 sint
1112 1815 1153 1879 ad
1170 1816 1222 1880 de-

150 1925 330 1989 finiendum
355 1926 673 1990 accommodatiores.

239 2032 415 2117 Reliquum
432 2043 482 2097 est
497 2032 532 2096 id
555 2055 656 2116 genus
682 2033 715 2095 in
739 2055 803 2117 quo
827 2032 938 2095 iurene
962 2031 1085 2117 aliquid
1101 2031 1223 2095 factum

154 2141 197 2203 sit
226 2140 390 2224 quaeritur
418 2137 484 2222 (14,
510 2136 583 2221 42),
621 2139 710 2203 cuius
746 2139 834 2203 locos
865 2136 980 2203 Cicero
1010 2139 1160 2224 bipertito
1188 2139 1223 2201 in

156 2245 393 2311 Partitionibus
418 2245 592 2310 distribuit.
632 2246 698 2328 Agi
720 2246 806 2309 enim
829 2246 863 2309 in
885 2245 947 2309 hoc
963 2268 1078 2329 genere
1095 2245 1224 2309 demon·

154 2362 237 2416 strat
261 2363 316 2415 aut
340 2352 379 2416 de
405 2353 513 2416 dolore
537 2353 728 2439 depellendo
753 2363 785 2416 et
808 2353 993 2418 ulciscendo
1017 2363 1073 2417 aut
1097 2354 1135 2416 de
1156 2354 1222 2438 pie·

154 2471 229 2545 tate,
259 2461 424 2547 pudicitia,
454 2462 620 2546 religione,
652 2463 766 2546 patria,
798 2471 853 2526 aut
876 2462 915 2526 de
939 2463 1142 2543 necessitate,
1173 2462 1222 2525 in·

154 2569 305 2652 scientia,
338 2592 424 2634 casu.
471 2569 522 2633 Ita
546 2571 642 2633 etiam
666 2571 699 2633 in
723 2569 779 2633 lib.
806 2569 845 2633 de
868 2570 934 2634 inv.
960 2566 1004 2653 (2,
1031 2571 1082 2652 22,
1109 2563 1166 2650 66)
1189 2569 1223 2631 in

152 2677 232 2740 iuris
261 2677 442 2761 praeceptis
473 2677 654 2763 disputatur
681 2687 808 2762 praeter
837 2677 900 2741 alia
930 2677 969 2740 de
992 2676 1221 2757 vindicatione,

154 2806 236 2868 quae
260 2784 318 2846 fiat
342 2783 543 2848 defendendo
568 2795 600 2847 et
623 2784 818 2866 ulciscendo,
845 2783 885 2847 de
909 2784 1027 2868 pietate
1052 2792 1084 2846 et
1107 2782 1221 2867 patria,

156 2890 195 2955 de
219 2890 384 2974 religione.
420 2890 483 2955 His
507 2892 605 2976 igitur
630 2889 745 2956 Cicero
769 2892 802 2954 in
827 2890 1062 2955 Partitionibus
1086 2888 1224 2951 similem

152 2998 306 3062 virtutem
339 2997 530 3083 pudicitiam
566 2998 722 3082 adiungit.
774 3002 883 3082 Atque
919 2998 1016 3061 etiam
1045 3006 1110 3060 tres
1141 3017 1223 3079 quae

155 3117 332 3191 sequuntur
347 3106 446 3189 locoS,
471 3106 708 3188 necessitatem,
734 3105 949 3187 inscientiam,
977 3126 1096 3186 casum,
1114 3103 1148 3166 in
1165 3103 1222 3167 lib.

155 3212 194 3276 de
217 3213 282 3276 inv.
312 3213 353 3276 ad
381 3213 467 3277 idem
491 3236 592 3296 genus
616 3213 714 3276 refert
736 3207 780 3295 (2,
808 3214 859 3295 31,
886 3207 952 3294 94).
1001 3207 1224 3275 Confirmandi

154 3329 262 3385 autem
285 3320 364 3384 locis
389 3321 559 3406 explicatis
583 3319 866 3405 reprehensionem
892 3320 1103 3404 persequitur.

242 3428 294 3491 Ac
317 3428 456 3512 primum
472 3427 616 3511 intellegi
634 3439 758 3511 oportet
773 3428 861 3492 locos
879 3450 949 3492 esse
965 3425 1222 3512 reprehendendi

155 3534 210 3619 qui
238 3535 270 3597 in
300 3535 361 3598 hac
393 3545 483 3619 parte
519 3546 733 3619 exponuntur.
784 3534 857 3597 Iure
893 3535 978 3597 enim
1008 3531 1122 3598 Cicero
1153 3555 1223 3595 eam

155 3663 237 3726 quae
266 3641 299 3704 in
328 3641 385 3704 lib.
416 3640 455 3704 de
483 3641 547 3704 inv.
576 3641 662 3704 facta
689 3651 738 3705 est
761 3641 905 3704 locorum
929 3651 961 3704 et
984 3640 1152 3703 modorum
1172 3637 1223 3708 ¹di·

155 3749 363 3813 stinctionem
392 3747 522 3810 omnino
554 3749 587 3810 in
611 3747 844 3811 Partitionibus
868 3747 1020 3829 neglegit.
1068 3744 1141 3808 Duo
1166 3745 1223 3826 igi-

156 3867 207 3920 tur
233 3841 379 3919 locorum
407 3876 526 3938 genera
554 3854 737 3937 distinguit,
775 3854 820 3916 ita
848 3863 883 3916 ut
912 3855 1051 3938 primum
1076 3853 1115 3916 de
1138 3852 1223 3917 fictis

154 3963 309 4048 falsisque
333 3961 499 4046 negandis,
526 3961 641 4025 deinde
666 3961 705 4025 de
729 3962 768 4024 iis
793 3983 873 4045 quae
897 3983 954 4045 pro
976 3961 1044 4024 veri
1061 3961 1223 4026 similibus

156 4082 326 4136 sumuntur
350 4069 581 4154 redarguendis
607 4069 693 4133 dicat
716 4064 783 4153 (12,
806 4064 877 4151 44);
903 4092 984 4153 quae
1001 4092 1120 4154 genera
1135 4092 1223 4154 pror·
