2746 4560
667 230 708 292 19

149 407 301 471 dicuntur
336 416 391 470 aut
425 406 459 469 in
494 428 529 469 re
562 406 634 490 ipsa
668 406 775 470 insitis
811 414 866 470 aut
894 406 1073 492 adsumptis
1102 403 1145 489 (2,
1172 403 1216 489 5).

147 513 242 594 Quae
276 514 406 599 partitio
440 513 537 576 etiam
578 513 612 575 in
640 512 695 577 lib.
726 512 765 577 de
792 513 857 578 inv.
888 510 932 597 (2,
961 515 1011 597 14,
1037 510 1095 596 46)
1123 523 1155 578 et
1183 516 1218 578 in

149 622 206 687 lib.
232 621 270 685 de
295 644 340 684 or.
369 615 413 701 (2,
440 619 491 700 27,
519 620 596 701 116;
634 619 663 701 2,
689 620 742 702 40,
770 608 849 703 173)
876 622 964 685 etin
989 617 1126 686 Oratore
1149 616 1216 705 (35,

152 724 231 812 122)
256 728 345 792 etin
369 726 499 812 Topicis
523 722 567 808 (2,
594 726 628 808 83
660 727 711 810 19,
738 721 794 809 73)
822 728 998 811 invenitur3
1023 752 1218 815 quamquam

149 837 212 900 loci
238 834 400 919 adsumpti
423 834 457 897 in
482 843 569 897 certa
591 855 711 918 genera
733 855 798 896 non
815 834 997 918 diriguntur
1011 836 1075 900 nisi
1091 836 1123 900 in
1141 835 1218 901 Par·

150 943 320 1007 titionibus
345 951 377 1005 et
399 942 432 1004 in
451 939 592 1026 Topicis
626 939 666 1004 In
690 939 756 1004 illis
782 941 946 1026 quaeritur
969 944 1109 1008 maxime
1133 943 1218 1008 unde

150 1059 301 1135 petantur
324 1048 523 1130 testimonia,
561 1057 667 1111 utrum
696 1046 807 1111 divina
835 1048 901 1112 sint
928 1072 970 1112 an
993 1048 1147 1132 humana,
1184 1051 1219 1114 in

152 1157 202 1221 his
227 1156 333 1240 potius
357 1155 531 1220 auctoritas
554 1153 813 1219 testimoniorum
836 1155 1020 1239 respicitur,
1058 1167 1220 1241 quaeant

151 1274 294 1348 tempore
323 1262 486 1327 adferatur
514 1270 568 1325 aut
590 1261 708 1324 virtute
737 1257 803 1344 (19,
831 1256 895 1343 73).
943 1260 1088 1342 Quorum
1112 1271 1220 1328 autem

151 1367 267 1435 Cicero
291 1370 515 1434 auctoritatem
539 1370 572 1431 in
596 1369 714 1433 virtute
738 1370 842 1453 ponit,
880 1392 918 1433 ea
944 1393 1055 1438 rursus
1079 1371 1125 1435 ita
1147 1393 1218 1456 par·

152 1479 230 1541 titur
252 1487 287 1541 ut
311 1477 351 1540 ad
376 1476 487 1541 eadem
511 1475 573 1539 duo
598 1497 716 1560 genera
739 1484 835 1561 atque
850 1476 885 1540 in
900 1476 1134 1543 Partitionibus
1150 1501 1220 1563 per·

152 1586 261 1649 veniat
283 1582 350 1667 (20,
378 1586 419 1649 76
433 1577 528 1668 sqq).
575 1581 762 1667 Eademque
789 1583 856 1647 fere
884 1585 916 1647 in
946 1594 1080 1671 utroque
1108 1586 1218 1651 libello

150 1693 337 1758 testimonia
372 1691 483 1754 divina
517 1689 663 1753 videmus
700 1699 895 1754 enumerata.
953 1691 1106 1757 Humana
1142 1715 1219 1757 vero

151 1799 338 1864 testimonia
360 1795 583 1862 tantummodo
606 1797 641 1859 in
664 1797 906 1879 Partitionibus,
932 1800 987 1862 ubi
1011 1811 1085 1881 apte
1100 1801 1135 1864 in
1158 1799 1220 1865 hoo

150 1930 269 1992 genere
285 1906 460 1970 auctoritas
478 1913 509 1967 et
524 1904 673 1968 voluntas
691 1913 723 1966 et
738 1905 840 1967 oratio
865 1914 1036 1989 spectatur,
1062 1907 1093 1970 in
1111 1917 1219 1991 partes

151 2014 325 2078 distributa
349 2022 433 2077 sunt.
480 2011 549 2074 Nec
573 2009 786 2074 dubitandum
810 2011 888 2095 quin
907 2011 1013 2096 prima
1035 2011 1219 2078 distributio

152 2122 296 2185 locorum
320 2119 563 2202 adsumptorum
591 2116 692 2180 multo
720 2118 754 2180 in
777 2117 1012 2184 Partitionibus
1040 2122 1220 2186 accuratior

152 2229 196 2291 sit
220 2249 316 2311 quam
345 2227 380 2289 in
404 2224 545 2307 Topicis.
591 2221 704 2286 Potest
727 2223 813 2286 enim
840 2224 927 2289 idem
954 2248 1050 2312 saepe
1077 2227 1220 2293 testimo-

153 2335 244 2397 nium
267 2343 299 2396 et
322 2332 474 2416 temporis
500 2328 688 2394 auctoritate
713 2340 745 2393 et
768 2332 895 2396 virtutis
915 2333 1054 2418 probari,
1080 2344 1116 2423 ut
1139 2359 1220 2421 quae

155 2439 218 2504 duo
243 2462 361 2524 genera
384 2438 533 2503 videntur
556 2438 591 2500 in
613 2458 713 2500 unum
737 2438 927 2504 coalescant.
975 2437 1098 2508 Contra
1120 2444 1222 2508 altera

155 2547 328 2633 partitione
352 2554 561 2631 segregantur
584 2569 666 2631 quae
690 2555 802 2631 suapte
830 2557 945 2612 natura
968 2547 1123 2614 distincta
1146 2560 1221 2615 sunt

154 2677 192 2719 ac
217 2663 372 2740 separata.
421 2656 490 2719 Nec
512 2666 599 2722 recte
628 2659 738 2724 divina
772 2656 959 2720 testimonia
993 2656 1033 2720 ad
1069 2658 1220 2722 virtutem

153 2763 335 2827 referuntur
358 2759 436 2848 (top,
460 2765 515 2845 20,
543 2760 611 2848 76);
653 2764 692 2830 de
727 2765 845 2828 virtute
880 2772 912 2826 et
946 2773 1089 2849 tempore
1125 2787 1220 2849 quae-

152 2871 289 2935 rendum
313 2879 361 2934 est
384 2870 419 2934 in
442 2871 632 2937 auctoritate
656 2869 867 2957 expendenda
883 2870 1140 2934 testimoniorum
1164 2870 1220 2934 hu·

154 3001 333 3042 manorum.

244 3082 309 3149 Sed
332 3085 397 3149 iam
433 3084 472 3148 de
500 3085 541 3149 iis
568 3084 648 3148 locis
677 3083 843 3147 videamus
873 3083 927 3168 qui
955 3083 989 3146 in
1017 3106 1050 3147 re
1078 3084 1150 3169 ipsa
1172 3085 1219 3148 in·

155 3189 302 3272 haerent3
328 3214 463 3277 quorum
487 3193 519 3255 in
536 3191 771 3256 Partitionibus
796 3190 858 3254 duo
881 3190 958 3255 licet
973 3213 1092 3275 genera
1108 3191 1219 3257 distin·

157 3319 265 3379 guere,
302 3298 437 3362 alterum
465 3299 613 3383 generale
642 3298 804 3384 quoddam
832 3297 872 3363 ad
901 3321 1030 3363 omnem
1054 3322 1220 3384 argumen-

158 3413 262 3467 torum
285 3405 504 3471 inventionem
527 3407 688 3488 idoneum,
726 3407 863 3470 alterum
890 3407 983 3471 unius
1014 3407 1148 3470 alicuius
1171 3429 1220 3469 ra-

157 3510 264 3590 tionis,
288 3523 325 3574 ut
348 3513 607 3598 amplificationis
631 3509 697 3596 (17,
720 3509 785 3596 57),
811 3537 831 3576 u
869 3524 1027 3576 certarum
1051 3535 1220 3576 causarum

157 3615 224 3699 (31,
252 3613 338 3700 109),
363 3619 536 3703 proprium.
582 3620 633 3684 De
656 3621 772 3704 prioris
796 3620 924 3703 generis
948 3620 1027 3683 locis
1053 3620 1081 3683 si
1105 3620 1219 3703 agitur,

158 3748 212 3789 eos
238 3720 351 3789 Cicero
375 3725 562 3789 inveniendi
584 3725 673 3790 locos
698 3726 859 3810 appellare
888 3726 969 3789 solet
992 3721 1058 3808 (23,
1085 3726 1141 3808 82;
1167 3727 1219 3808 31,

160 3826 430 3916 109;36,127).
476 3831 620 3916 Reliqui,
660 3855 740 3917 quos
776 3855 839 3896 uno
873 3832 1002 3895 nomine
1037 3856 1101 3897 non
1137 3855 1220 3898 com·

157 3941 316 4027 plectitur,
342 3941 458 4026 partim
484 3939 566 4004 nibil
589 3948 664 4004 sunt
685 3940 750 4004 nisi
774 3938 866 4005 sedes
891 3951 1160 4024 argumentorum,
1186 3950 1221 4007 ut

157 4072 304 4134 persona,
329 4057 465 4134 tempus,
491 4048 594 4131 locuS,
620 4057 652 4111 et
675 4070 756 4133 quae
781 4057 856 4113 sunt
879 4048 1006 4133 similia,
1031 4050 1149 4135 partim
1173 4073 1221 4112 ar·
