2746 4560
665 200 708 264 45

151 380 185 442 in
209 380 395 443 universum
424 379 558 464 exponit
593 373 637 461 (2,
666 380 717 460 15,
743 373 896 463 65sqq.).
943 378 1056 463 Neque
1090 377 1131 441 ab
1155 379 1222 441 An·

150 487 239 551 tonio
268 485 404 550 dissidet
433 483 571 550 Crassus
605 486 669 550 nisi
705 485 788 570 quod
817 486 912 570 paulo
941 485 1013 571 plus
1047 506 1163 570 operae
1192 493 1224 548 et

150 615 245 657 curae
270 593 406 657 collocat
429 593 463 656 11
487 593 548 657 hoc
572 616 688 677 genere
713 592 883 678 partiendo
906 589 953 675 (3,
976 586 1221 676 29,111sqq.).

151 700 297 785 Uterque
322 713 429 764 autem
452 724 518 765 non
542 701 645 765 solum
670 723 724 765 eas
750 701 969 785 quaestiones,
1006 722 1086 785 quas
1111 722 1130 763 a
1152 696 1223 763 rhe-

151 808 276 872 toribus
300 808 460 872 nominari
484 830 589 893 neque
619 809 774 893 explicari
810 807 934 890 dicunt,
970 807 1132 893 recipiunt
1155 805 1221 888 sed,

151 915 239 1000 quod
263 915 337 980 illos
366 915 552 999 intellegere
581 925 703 1000 negant
730 911 776 997 (2,
805 916 857 997 31,
885 915 962 996 133;
999 916 1028 995 3,
1055 914 1107 992 28,
1127 908 1222 995 110),

151 1022 303 1108 generale
327 1044 397 1087 esse
422 1022 545 1107 aliquid
569 1032 601 1085 et
624 1022 786 1086 infinitum
807 1021 905 1085 etiam
920 1021 954 1084 in
972 1021 1077 1084 causis
1095 1020 1223 1084 demon·

153 1137 258 1194 strant
273 1124 389 1212 (ibid).
438 1128 512 1192 Duo
535 1129 634 1213 igitur
649 1126 764 1194 Cicero
782 1129 1007 1213 quaestionum
1024 1127 1223 1190 infinitarum

152 1260 272 1321 genera
295 1259 367 1302 esse
391 1235 507 1317 voluit,
545 1261 644 1300 unum
675 1260 784 1300 earum
812 1258 895 1321 quae
924 1247 1161 1320 opponerentur
1183 1235 1223 1298 iis

153 1344 260 1409 causis
284 1366 366 1429 quae
382 1345 415 1407 in
432 1345 564 1408 civitate
581 1354 613 1408 et
629 1343 861 1429 disceptatione
882 1342 1003 1408 forensi
1020 1351 1225 1406 versarentur

154 1448 210 1535 (dc
234 1474 277 1516 or.
304 1452 334 1534 2,
363 1452 413 1533 15,
440 1453 583 1535 bbsqq.;
621 1452 650 1533 3,
681 1451 732 1533 29,
761 1446 940 1535 111sqq.)‚
978 1472 1059 1534 quae
1089 1447 1224 1512 modicis

153 1560 273 1624 finibus
298 1559 558 1643 circumscriptae
586 1558 761 1643 prudenter
788 1559 820 1621 in
853 1559 959 1622 causis
988 1567 1097 1621 essent
1120 1557 1225 1620 intex-

153 1666 270 1748 endae,
297 1666 434 1730 alterum
455 1687 565 1729 earum
591 1687 682 1749 quae,
714 1688 786 1728 cum
811 1665 916 1728 omnis
941 1664 1161 1728 controversia
1184 1661 1225 1727 ad

155 1773 299 1837 universi
316 1773 444 1857 generis
461 1773 527 1836 vim
552 1782 584 1837 et
606 1782 754 1836 naturam
777 1772 950 1836 referretur
972 1773 1006 1835 in
1023 1771 1129 1836 causis
1145 1771 1225 1856 ipsis

154 1883 300 1946 inessent
324 1877 368 1963 (2,
395 1882 448 1963 31,
475 1881 639 1965 133111,
666 1882 695 1962 3,
715 1881 767 1962 20,
788 1876 874 1963 111).
923 1877 989 1944 Sed
1013 1879 1166 1964 quoniam
1186 1878 1225 1942 de

156 1990 274 2053 iisdem
310 2010 404 2073 saepe
445 1988 617 2071 generibus
654 1988 813 2052 universis
849 1997 881 2052 et
915 1989 949 2050 in
985 1987 1091 2051 causis
1127 1996 1158 2050 et
1191 1986 1226 2048 in

156 2095 403 2180 quaestionibus
429 2117 510 2179 quae
536 2094 640 2158 causis
665 2105 870 2179 opponuntur
894 2094 1064 2158 dicendum
1094 2104 1155 2176 est,
1192 2103 1227 2156 ut

158 2203 198 2266 de
222 2203 316 2267 bonis
341 2213 373 2265 et
396 2201 504 2283 malis,
543 2200 582 2264 de
605 2201 750 2265 honestis
775 2212 807 2265 et
830 2203 992 2288 turpibus,
1030 2201 1069 2265 de
1093 2201 1226 2265 utilibus

157 2320 191 2372 et
214 2309 395 2391 inutilibus,
421 2309 509 2372 nulla
533 2318 620 2372 certa
642 2309 767 2372 ratione
790 2310 874 2373 inter
894 2309 973 2373 haec
990 2309 1051 2372 duo
1069 2309 1227 2393 quaestio-

157 2439 235 2479 num
258 2416 458 2479 infinitarum
484 2437 602 2498 genera
625 2416 799 2480 internosci
821 2427 936 2502 potest.
985 2417 1097 2501 Neque
1114 2425 1228 2501 postea

158 2520 275 2588 Cicero
311 2545 349 2586 11
379 2521 607 2606 distinguenda
634 2523 778 2608 putabat.
825 2524 910 2588 Nam
934 2525 994 2588 etsi
1019 2546 1057 2587 ea
1080 2523 1226 2608 quaestio

157 2652 241 2715 quae
269 2631 372 2714 magis
401 2653 421 2694 a
445 2631 550 2695 causis
578 2630 749 2695 videbatur
776 2643 899 2696 remota
928 2629 1051 2696 Graece
1082 2637 1166 2705 θέσις
1195 2641 1227 2694 11

156 2736 275 2803 Latine
302 2739 336 2801 in
364 2737 420 2802 lib.
450 2737 489 2801 de
517 2761 562 2802 or.
592 2738 636 2822 (3,
663 2739 715 2822 28,
747 2735 825 2821 109)
860 2739 1053 2802 consultatio
1081 2748 1225 2820 vocatur,

158 2844 209 2909 his
232 2846 314 2932 ipsis
337 2846 524 2910 nominibus
542 2841 657 2910 Cicero
680 2847 715 2909 in
738 2846 831 2910 libris
855 2858 967 2931 postea
984 2846 1112 2930 scriptis
1129 2845 1226 2909 etiam

157 2974 344 3017 communes
368 2976 422 3017 eas
446 2975 528 3038 quae
556 2954 590 3016 11
615 2975 742 3037 quaque
771 2976 869 3017 causa
896 2954 1041 3016 oriantur
1069 2951 1226 3038 discepta-

156 3061 261 3124 tiones
287 3061 509 3146 complectitur
533 3056 664 3142 (11.14,
689 3061 746 3142 46;
771 3070 836 3145 top.
855 3061 907 3142 21,
935 3061 990 3142 793
1015 3082 1046 3144 p.
1069 3055 1225 3142 11.1,4).

157 3165 255 3246 Quod
280 3191 380 3251 genus
404 3191 502 3253 quam
525 3168 653 3252 penitus
679 3168 721 3231 sit
740 3167 773 3231 in
791 3168 896 3232 causis
913 3168 1047 3232 insitum
1070 3177 1105 3231 ut
1121 3177 1226 3232 osten·

158 3275 223 3355 dat,
248 3276 447 3360 propositum
472 3277 517 3338 ait
540 3284 572 3338 11
595 3277 629 3338 11
646 3274 878 3340 Partitionibus
895 3271 961 3359 (18,
981 3278 1036 3356 61;
1063 3272 1227 3358 11310)

159 3391 192 3444 11
214 3382 249 3444 11
266 3381 395 3466 Topicis
419 3382 486 3466 (21,
505 3377 561 3465 80)
586 3405 700 3447 causae
725 3406 795 3448 esse
819 3393 952 3469 partem.
999 3381 1073 3463 Qua
1096 3383 1131 3447 in
1155 3405 1226 3447 sen-

160 3488 262 3551 tentia
283 3488 355 3551 fieri
379 3497 485 3573 potest
508 3501 544 3553 ut
561 3500 689 3553 auctore
707 3513 782 3554 usus
799 3492 842 3554 sit
857 3491 1027 3555 Athenaeo
1044 3487 1098 3573 (cf.
1113 3488 1223 3569 Quint.

160 3596 190 3676 3,
209 3597 239 3676 5,
258 3596 294 3676 53
320 3596 349 3676 3,
369 3597 397 3676 1,
418 3591 481 3676 16).
528 3595 611 3659 Rem
627 3606 735 3660 autem
751 3597 891 3681 explicat
908 3597 1028 3682 duplici
1044 3596 1150 3662 modo.
1186 3597 1225 3661 In

159 3701 392 3766 Partitionibus
417 3704 638 3786 quaestionem
662 3704 823 3767 infinitam
839 3705 973 3789 reperiri
989 3704 1150 3787 signifieat
1173 3703 1225 3768 de·

159 3808 325 3874 trahendis
354 3807 393 3871 de
423 3831 520 3872 causa
555 3811 650 3873 certis
685 3811 832 3894 personis
869 3820 900 3874 et
935 3811 1133 3895 temporibus
1157 3807 1223 3895 (30,

163 3913 249 3999 106).
297 3915 393 3979 Ρ1111
418 3915 516 3999 igitur
540 3938 655 3980 causae
680 3915 815 3999 sublata,
842 3940 880 3982 ea
902 3941 976 4002 pars
1001 3940 1082 4003 quae
1106 3919 1140 3982 in
1162 3919 1224 3984 dis-

160 4025 341 4110 ceptatione
376 4024 504 4088 infinita
537 4023 644 4109 posita
679 4033 728 4088 est
760 4026 962 4111 relinquitur.
1019 4026 1059 4090 In
1094 4025 1225 4114 Topicis
