<?xml version="1.0" encoding="UTF-8"?>
<!DOCTYPE html PUBLIC "-//W3C//DTD XHTML 1.0 Transitional//EN"
    "http://www.w3.org/TR/xhtml1/DTD/xhtml1-transitional.dtd">
<html xmlns="http://www.w3.org/1999/xhtml" xml:lang="en" lang="en">
 <head>
  <title>
</title>
<meta http-equiv="Content-Type" content="text/html;charset=utf-8" />
  <meta name='ocr-system' content='tesseract 3.04.00' />
  <meta name='ocr-capabilities' content='ocr_page ocr_carea ocr_par ocr_line ocrx_word'/>
</head>
<body>
  <div class='ocr_page' id='page_1' title='image "./deciceronispart00mercgoog_0038.png"; bbox 0 0 2746 4560; ppageno 0'>
   <div class='ocr_carea' id='block_1_1' title="bbox 664 198 704 261">
    <p class='ocr_par' dir='ltr' id='par_1_1' title="bbox 664 198 704 261">
     <span class='ocr_line' id='line_1_1' title="bbox 664 198 704 261; baseline 0 0"><span class='ocrx_word' id='word_1_1' title='bbox 664 198 704 261; x_wconf 89' lang='lat'>31</span> 
     </span>
    </p>
   </div>
   <div class='ocr_carea' id='block_1_2' title="bbox 496 443 874 512">
    <p class='ocr_par' dir='ltr' id='par_1_2' title="bbox 496 443 874 512">
     <span class='ocr_line' id='line_1_2' title="bbox 496 443 874 512; baseline 0.003 -1"><span class='ocrx_word' id='word_1_2' title='bbox 496 448 525 511; x_wconf 83' lang='lat'>7.</span> <span class='ocrx_word' id='word_1_3' title='bbox 566 443 622 508; x_wconf 90' lang='lat' dir='ltr'>De</span> <span class='ocrx_word' id='word_1_4' title='bbox 645 445 874 512; x_wconf 82' lang='lat' dir='ltr'>narratione.</span> 
     </span>
    </p>
   </div>
   <div class='ocr_carea' id='block_1_3' title="bbox 140 587 1224 1748">
    <p class='ocr_par' dir='ltr' id='par_1_3' title="bbox 140 587 1224 1748">
     <span class='ocr_line' id='line_1_3' title="bbox 240 587 1220 674; baseline -0.002 -19"><span class='ocrx_word' id='word_1_5' title='bbox 240 591 391 656; x_wconf 78' lang='lat' dir='ltr'><strong>Narratio</strong></span> <span class='ocrx_word' id='word_1_6' title='bbox 417 611 489 653; x_wconf 88' lang='lat' dir='ltr'>cum</span> <span class='ocrx_word' id='word_1_7' title='bbox 512 611 576 652; x_wconf 92' lang='lat' dir='ltr'>non</span> <span class='ocrx_word' id='word_1_8' title='bbox 602 587 706 654; x_wconf 93' lang='lat' dir='ltr'>solum</span> <span class='ocrx_word' id='word_1_9' title='bbox 729 589 901 674; x_wconf 79' lang='lat' dir='ltr'>explicatio</span> <span class='ocrx_word' id='word_1_10' title='bbox 923 612 1031 654; x_wconf 90' lang='lat' dir='ltr'>rerum</span> <span class='ocrx_word' id='word_1_11' title='bbox 1047 612 1119 654; x_wconf 90' lang='lat' dir='ltr'>esse</span> <span class='ocrx_word' id='word_1_12' title='bbox 1136 589 1220 653; x_wconf 89' lang='lat' dir='ltr'>dica·</span> 
     </span>
     <span class='ocr_line' id='line_1_4' title="bbox 149 691 1220 782; baseline -0.003 -19"><span class='ocrx_word' id='word_1_13' title='bbox 149 709 212 782; x_wconf 90' lang='lat' dir='ltr'>tur,</span> <span class='ocrx_word' id='word_1_14' title='bbox 238 707 274 762; x_wconf 89' lang='lat' dir='ltr'>ut</span> <span class='ocrx_word' id='word_1_15' title='bbox 296 700 332 762; x_wconf 93' lang='lat' dir='ltr'>in</span> <span class='ocrx_word' id='word_1_16' title='bbox 354 698 412 761; x_wconf 90' lang='lat' dir='ltr'>lib.</span> <span class='ocrx_word' id='word_1_17' title='bbox 439 695 478 760; x_wconf 90' lang='lat' dir='ltr'>de</span> <span class='ocrx_word' id='word_1_18' title='bbox 506 696 572 760; x_wconf 86' lang='lat' dir='ltr'>inv.</span> <span class='ocrx_word' id='word_1_19' title='bbox 602 692 647 778; x_wconf 89' lang='lat'>(1,</span> <span class='ocrx_word' id='word_1_20' title='bbox 675 697 725 778; x_wconf 90' lang='grc'>19,</span> <span class='ocrx_word' id='word_1_21' title='bbox 751 691 822 779; x_wconf 84' lang='grc'>27),</span> <span class='ocrx_word' id='word_1_22' title='bbox 859 697 914 761; x_wconf 92' lang='lat' dir='ltr'>sed</span> <span class='ocrx_word' id='word_1_23' title='bbox 944 697 1041 761; x_wconf 91' lang='lat' dir='ltr'>etiam</span> <span class='ocrx_word' id='word_1_24' title='bbox 1065 696 1158 761; x_wconf 90' lang='lat' dir='ltr'>sedes</span> <span class='ocrx_word' id='word_1_25' title='bbox 1183 718 1220 760; x_wconf 92' lang='lat' dir='ltr'>ac</span> 
     </span>
     <span class='ocr_line' id='line_1_5' title="bbox 148 802 1222 885; baseline -0.003 -14"><span class='ocrx_word' id='word_1_26' title='bbox 148 805 397 871; x_wconf 88' lang='lat' dir='ltr'>fundamentum</span> <span class='ocrx_word' id='word_1_27' title='bbox 433 803 676 868; x_wconf 82' lang='lat' dir='ltr'>constituendae</span> <span class='ocrx_word' id='word_1_28' title='bbox 711 802 796 885; x_wconf 90' lang='lat' dir='ltr'>fidei,</span> <span class='ocrx_word' id='word_1_29' title='bbox 833 811 869 867; x_wconf 92' lang='lat' dir='ltr'>ut</span> <span class='ocrx_word' id='word_1_30' title='bbox 897 803 1009 867; x_wconf 88' lang='lat' dir='ltr'>eadem</span> <span class='ocrx_word' id='word_1_31' title='bbox 1036 805 1070 867; x_wconf 91' lang='lat' dir='ltr'>in</span> <span class='ocrx_word' id='word_1_32' title='bbox 1095 827 1132 868; x_wconf 91' lang='lat' dir='ltr'>ea</span> <span class='ocrx_word' id='word_1_33' title='bbox 1156 805 1222 868; x_wconf 90' lang='lat' dir='ltr'>sint</span> 
     </span>
     <span class='ocr_line' id='line_1_6' title="bbox 140 910 1220 1000; baseline -0.004 -21"><span class='ocrx_word' id='word_1_34' title='bbox 140 915 293 1000; x_wconf 72' lang='lat' dir='ltr'>¹maxime</span> <span class='ocrx_word' id='word_1_35' title='bbox 337 910 496 976; x_wconf 90' lang='lat' dir='ltr'>servanda</span> <span class='ocrx_word' id='word_1_36' title='bbox 538 933 620 996; x_wconf 87' lang='lat' dir='ltr'>quae</span> <span class='ocrx_word' id='word_1_37' title='bbox 657 912 693 974; x_wconf 92' lang='lat' dir='ltr'>in</span> <span class='ocrx_word' id='word_1_38' title='bbox 736 911 870 996; x_wconf 90' lang='lat' dir='ltr'>reliquis</span> <span class='ocrx_word' id='word_1_39' title='bbox 909 910 1038 974; x_wconf 88' lang='lat' dir='ltr'>dicendi</span> <span class='ocrx_word' id='word_1_40' title='bbox 1075 912 1220 996; x_wconf 88' lang='lat' dir='ltr'>partibus</span> 
     </span>
     <span class='ocr_line' id='line_1_7' title="bbox 149 1015 1221 1104; baseline -0.005 -18"><span class='ocrx_word' id='word_1_41' title='bbox 149 1019 198 1104; x_wconf 79' lang='grc'>(9,</span> <span class='ocrx_word' id='word_1_42' title='bbox 225 1015 297 1102; x_wconf 87' lang='grc'>31),</span> <span class='ocrx_word' id='word_1_43' title='bbox 333 1041 442 1083; x_wconf 88' lang='lat' dir='ltr'>rursus</span> <span class='ocrx_word' id='word_1_44' title='bbox 478 1017 558 1082; x_wconf 88' lang='lat' dir='ltr'>haec</span> <span class='ocrx_word' id='word_1_45' title='bbox 593 1018 694 1083; x_wconf 89' lang='lat' dir='ltr'>altera</span> <span class='ocrx_word' id='word_1_46' title='bbox 729 1018 884 1082; x_wconf 89' lang='lat' dir='ltr'>orationis</span> <span class='ocrx_word' id='word_1_47' title='bbox 912 1040 987 1103; x_wconf 87' lang='lat' dir='ltr'>pars</span> <span class='ocrx_word' id='word_1_48' title='bbox 1016 1017 1088 1103; x_wconf 91' lang='lat' dir='ltr'>ipsa</span> <span class='ocrx_word' id='word_1_49' title='bbox 1111 1018 1221 1082; x_wconf 92' lang='lat' dir='ltr'>defini-</span> 
     </span>
     <span class='ocr_line' id='line_1_8' title="bbox 151 1124 1221 1210; baseline -0.006 -17"><span class='ocrx_word' id='word_1_50' title='bbox 151 1131 251 1208; x_wconf 82' lang='lat' dir='ltr'>tione,</span> <span class='ocrx_word' id='word_1_51' title='bbox 277 1136 312 1190; x_wconf 89' lang='lat' dir='ltr'>ut</span> <span class='ocrx_word' id='word_1_52' title='bbox 333 1125 429 1190; x_wconf 93' lang='lat' dir='ltr'>modo</span> <span class='ocrx_word' id='word_1_53' title='bbox 452 1126 555 1210; x_wconf 89' lang='lat' dir='ltr'>prima</span> <span class='ocrx_word' id='word_1_54' title='bbox 583 1126 738 1190; x_wconf 90' lang='lat' dir='ltr'>orationis</span> <span class='ocrx_word' id='word_1_55' title='bbox 768 1124 1005 1206; x_wconf 87' lang='lat' dir='ltr'>distributione,</span> <span class='ocrx_word' id='word_1_56' title='bbox 1042 1147 1115 1188; x_wconf 87' lang='lat' dir='ltr'>eum</span> <span class='ocrx_word' id='word_1_57' title='bbox 1149 1146 1221 1188; x_wconf 91' lang='lat' dir='ltr'>con·</span> 
     </span>
     <span class='ocr_line' id='line_1_9' title="bbox 155 1232 1224 1317; baseline -0.005 -18"><span class='ocrx_word' id='word_1_58' title='bbox 155 1233 339 1300; x_wconf 88' lang='lat' dir='ltr'>firmatione</span> <span class='ocrx_word' id='word_1_59' title='bbox 377 1233 513 1316; x_wconf 86' lang='lat' dir='ltr'>iugatur.</span> <span class='ocrx_word' id='word_1_60' title='bbox 560 1232 706 1317; x_wconf 87' lang='lat' dir='ltr'>Itemque</span> <span class='ocrx_word' id='word_1_61' title='bbox 742 1233 782 1296; x_wconf 87' lang='lat' dir='ltr'>ad</span> <span class='ocrx_word' id='word_1_62' title='bbox 817 1255 855 1296; x_wconf 89' lang='lat' dir='ltr'>ea</span> <span class='ocrx_word' id='word_1_63' title='bbox 889 1254 971 1317; x_wconf 86' lang='lat' dir='ltr'>quae</span> <span class='ocrx_word' id='word_1_64' title='bbox 1006 1253 1103 1316; x_wconf 89' lang='lat' dir='ltr'>supra</span> <span class='ocrx_word' id='word_1_65' title='bbox 1133 1241 1224 1295; x_wconf 85' lang='lat' dir='ltr'>erant</span> 
     </span>
     <span class='ocr_line' id='line_1_10' title="bbox 154 1338 1223 1426; baseline -0.001 -22"><span class='ocrx_word' id='word_1_66' title='bbox 154 1341 316 1426; x_wconf 85' lang='lat' dir='ltr'>explicata</span> <span class='ocrx_word' id='word_1_67' title='bbox 351 1339 539 1424; x_wconf 84' lang='lat' dir='ltr'>deriguntur</span> <span class='ocrx_word' id='word_1_68' title='bbox 573 1340 712 1425; x_wconf 89' lang='lat' dir='ltr'>quodam</span> <span class='ocrx_word' id='word_1_69' title='bbox 746 1339 841 1403; x_wconf 92' lang='lat' dir='ltr'>modo</span> <span class='ocrx_word' id='word_1_70' title='bbox 875 1360 957 1424; x_wconf 88' lang='lat' dir='ltr'>quae</span> <span class='ocrx_word' id='word_1_71' title='bbox 986 1338 1025 1402; x_wconf 90' lang='lat' dir='ltr'>de</span> <span class='ocrx_word' id='word_1_72' title='bbox 1049 1339 1223 1403; x_wconf 88' lang='lat' dir='ltr'>virtutibus</span> 
     </span>
     <span class='ocr_line' id='line_1_11' title="bbox 156 1446 1224 1533; baseline -0.003 -21"><span class='ocrx_word' id='word_1_73' title='bbox 156 1447 347 1512; x_wconf 83' lang='lat' dir='ltr'>narrationis</span> <span class='ocrx_word' id='word_1_74' title='bbox 370 1448 622 1533; x_wconf 64' lang='lat' dir='ltr'>praeoipiuntur,</span> <span class='ocrx_word' id='word_1_75' title='bbox 648 1457 683 1511; x_wconf 94' lang='lat' dir='ltr'>ut</span> <span class='ocrx_word' id='word_1_76' title='bbox 707 1447 848 1511; x_wconf 91' lang='lat' dir='ltr'>dilucida</span> <span class='ocrx_word' id='word_1_77' title='bbox 871 1447 914 1510; x_wconf 90' lang='lat' dir='ltr'>sit</span> <span class='ocrx_word' id='word_1_78' title='bbox 937 1456 969 1510; x_wconf 89' lang='lat' dir='ltr'>et</span> <span class='ocrx_word' id='word_1_79' title='bbox 992 1446 1170 1531; x_wconf 90' lang='lat' dir='ltr'>probabilis</span> <span class='ocrx_word' id='word_1_80' title='bbox 1192 1454 1224 1510; x_wconf 92' lang='lat' dir='ltr'>et</span> 
     </span>
     <span class='ocr_line' id='line_1_12' title="bbox 155 1551 1224 1638; baseline -0.003 -19"><span class='ocrx_word' id='word_1_81' title='bbox 155 1555 271 1620; x_wconf 83' lang='lat' dir='ltr'>suavis.</span> <span class='ocrx_word' id='word_1_82' title='bbox 317 1554 373 1619; x_wconf 89' lang='lat' dir='ltr'>Ad</span> <span class='ocrx_word' id='word_1_83' title='bbox 408 1554 605 1618; x_wconf 89' lang='lat' dir='ltr'>narrandum</span> <span class='ocrx_word' id='word_1_84' title='bbox 635 1555 721 1618; x_wconf 93' lang='lat' dir='ltr'>enim</span> <span class='ocrx_word' id='word_1_85' title='bbox 746 1554 887 1618; x_wconf 80' lang='lat' dir='ltr'>dilucide</span> <span class='ocrx_word' id='word_1_86' title='bbox 912 1551 1028 1618; x_wconf 79' lang='lat' dir='ltr'>Cicero</span> <span class='ocrx_word' id='word_1_87' title='bbox 1051 1562 1224 1638; x_wconf 88' lang='lat' dir='ltr'>praecepta</span> 
     </span>
     <span class='ocr_line' id='line_1_13' title="bbox 153 1660 1223 1748; baseline -0.002 -22"><span class='ocrx_word' id='word_1_88' title='bbox 153 1661 338 1748; x_wconf 83' lang='lat' dir='ltr'>explicandi</span> <span class='ocrx_word' id='word_1_89' title='bbox 362 1672 394 1725; x_wconf 90' lang='lat' dir='ltr'>et</span> <span class='ocrx_word' id='word_1_90' title='bbox 417 1661 622 1743; x_wconf 89' lang='lat' dir='ltr'>inlustrandi,</span> <span class='ocrx_word' id='word_1_91' title='bbox 659 1660 720 1725; x_wconf 87' lang='lat' dir='ltr'>hoc</span> <span class='ocrx_word' id='word_1_92' title='bbox 744 1670 802 1744; x_wconf 90' lang='lat' dir='ltr'>est,</span> <span class='ocrx_word' id='word_1_93' title='bbox 828 1685 938 1725; x_wconf 91' lang='lat' dir='ltr'>eorum</span> <span class='ocrx_word' id='word_1_94' title='bbox 960 1660 1118 1724; x_wconf 91' lang='lat' dir='ltr'>luminum</span> <span class='ocrx_word' id='word_1_95' title='bbox 1142 1683 1223 1745; x_wconf 91' lang='lat' dir='ltr'>quae</span> 
     </span>
    </p>
   </div>
   <div class='ocr_carea' id='block_1_4' title="bbox 151 1772 1226 4007">
    <p class='ocr_par' dir='ltr' id='par_1_4' title="bbox 151 1772 1226 4007">
     <span class='ocr_line' id='line_1_14' title="bbox 152 1772 1224 1861; baseline -0.003 -19"><span class='ocrx_word' id='word_1_96' title='bbox 152 1777 330 1842; x_wconf 88' lang='lat' dir='ltr'>dilucidum</span> <span class='ocrx_word' id='word_1_97' title='bbox 356 1789 388 1840; x_wconf 88' lang='lat' dir='ltr'>et</span> <span class='ocrx_word' id='word_1_98' title='bbox 411 1778 548 1841; x_wconf 89' lang='lat' dir='ltr'>inlustre</span> <span class='ocrx_word' id='word_1_99' title='bbox 571 1788 667 1841; x_wconf 82' lang='lat' dir='ltr'>vocat</span> <span class='ocrx_word' id='word_1_100' title='bbox 690 1773 734 1859; x_wconf 87' lang='grc'>(6,</span> <span class='ocrx_word' id='word_1_101' title='bbox 762 1772 831 1860; x_wconf 94' lang='grc'>19),</span> <span class='ocrx_word' id='word_1_102' title='bbox 869 1786 901 1841; x_wconf 92' lang='lat' dir='ltr'>et</span> <span class='ocrx_word' id='word_1_103' title='bbox 931 1776 1098 1841; x_wconf 85' lang='lat' dir='ltr'>brevitatis</span> <span class='ocrx_word' id='word_1_104' title='bbox 1121 1777 1224 1861; x_wconf 87' lang='lat' dir='ltr'>repeti</span> 
     </span>
     <span class='ocr_line' id='line_1_15' title="bbox 151 1882 1224 1950; baseline -0.003 0"><span class='ocrx_word' id='word_1_105' title='bbox 151 1886 252 1950; x_wconf 86' lang='lat' dir='ltr'>iubet.</span> <span class='ocrx_word' id='word_1_106' title='bbox 299 1886 448 1949; x_wconf 86' lang='lat' dir='ltr'>Alteram</span> <span class='ocrx_word' id='word_1_107' title='bbox 471 1894 577 1948; x_wconf 88' lang='lat' dir='ltr'>autem</span> <span class='ocrx_word' id='word_1_108' title='bbox 602 1894 634 1948; x_wconf 90' lang='lat' dir='ltr'>et</span> <span class='ocrx_word' id='word_1_109' title='bbox 657 1885 786 1948; x_wconf 85' lang='lat' dir='ltr'>tertiam</span> <span class='ocrx_word' id='word_1_110' title='bbox 808 1886 961 1948; x_wconf 86' lang='lat' dir='ltr'>virtutem</span> <span class='ocrx_word' id='word_1_111' title='bbox 984 1882 1101 1948; x_wconf 89' lang='lat' dir='ltr'>iisdem</span> <span class='ocrx_word' id='word_1_112' title='bbox 1123 1883 1224 1947; x_wconf 93' lang='lat' dir='ltr'>nomi·</span> 
     </span>
     <span class='ocr_line' id='line_1_16' title="bbox 152 1990 1224 2077; baseline -0.003 -21"><span class='ocrx_word' id='word_1_113' title='bbox 152 1993 250 2057; x_wconf 90' lang='lat' dir='ltr'>nibus</span> <span class='ocrx_word' id='word_1_114' title='bbox 290 1993 408 2077; x_wconf 91' lang='lat' dir='ltr'>quibus</span> <span class='ocrx_word' id='word_1_115' title='bbox 446 1992 571 2076; x_wconf 90' lang='lat' dir='ltr'>reliqua</span> <span class='ocrx_word' id='word_1_116' title='bbox 602 1991 664 2055; x_wconf 93' lang='lat' dir='ltr'>duo</span> <span class='ocrx_word' id='word_1_117' title='bbox 694 1992 818 2055; x_wconf 90' lang='lat' dir='ltr'>lumina</span> <span class='ocrx_word' id='word_1_118' title='bbox 849 1991 1000 2076; x_wconf 89' lang='lat' dir='ltr'>appellat.</span> <span class='ocrx_word' id='word_1_119' title='bbox 1052 1990 1123 2055; x_wconf 90' lang='lat' dir='ltr'>Has</span> <span class='ocrx_word' id='word_1_120' title='bbox 1159 2001 1224 2054; x_wconf 87' lang='lat' dir='ltr'>tres</span> 
     </span>
     <span class='ocr_line' id='line_1_17' title="bbox 154 2097 1224 2183; baseline -0.001 -20"><span class='ocrx_word' id='word_1_121' title='bbox 154 2101 292 2164; x_wconf 83' lang='lat' dir='ltr'>virtutes</span> <span class='ocrx_word' id='word_1_122' title='bbox 319 2099 353 2162; x_wconf 92' lang='lat' dir='ltr'>in</span> <span class='ocrx_word' id='word_1_123' title='bbox 383 2098 445 2162; x_wconf 94' lang='lat' dir='ltr'>duo</span> <span class='ocrx_word' id='word_1_124' title='bbox 475 2098 593 2182; x_wconf 83' lang='lat' dir='ltr'>digerit</span> <span class='ocrx_word' id='word_1_125' title='bbox 624 2120 751 2181; x_wconf 85' lang='lat' dir='ltr'>genera,</span> <span class='ocrx_word' id='word_1_126' title='bbox 789 2122 896 2181; x_wconf 90' lang='lat' dir='ltr'>unum,</span> <span class='ocrx_word' id='word_1_127' title='bbox 933 2097 1018 2182; x_wconf 91' lang='lat' dir='ltr'>quod</span> <span class='ocrx_word' id='word_1_128' title='bbox 1050 2098 1224 2183; x_wconf 90' lang='lat' dir='ltr'>perspicui-</span> 
     </span>
     <span class='ocr_line' id='line_1_18' title="bbox 154 2205 1222 2289; baseline 0 -21"><span class='ocrx_word' id='word_1_129' title='bbox 154 2216 257 2268; x_wconf 83' lang='lat' dir='ltr'>tatem</span> <span class='ocrx_word' id='word_1_130' title='bbox 274 2205 815 2289; x_wconf 88' lang='lat' dir='ltr'>etprobabilitatemamplectitur,</span> <span class='ocrx_word' id='word_1_131' title='bbox 832 2206 1059 2288; x_wconf 90' lang='lat' dir='ltr'>necessarium,</span> <span class='ocrx_word' id='word_1_132' title='bbox 1077 2206 1222 2286; x_wconf 90' lang='lat' dir='ltr'>alterum,</span> 
     </span>
     <span class='ocr_line' id='line_1_19' title="bbox 155 2309 1224 2397; baseline 0.004 -25"><span class='ocrx_word' id='word_1_133' title='bbox 155 2309 245 2395; x_wconf 84' lang='lat' dir='ltr'>quod</span> <span class='ocrx_word' id='word_1_134' title='bbox 279 2310 313 2373; x_wconf 92' lang='lat' dir='ltr'>in</span> <span class='ocrx_word' id='word_1_135' title='bbox 348 2311 507 2374; x_wconf 88' lang='lat' dir='ltr'>suavitate</span> <span class='ocrx_word' id='word_1_136' title='bbox 541 2312 682 2396; x_wconf 89' lang='lat' dir='ltr'>positum</span> <span class='ocrx_word' id='word_1_137' title='bbox 710 2321 768 2394; x_wconf 90' lang='lat' dir='ltr'>cst,</span> <span class='ocrx_word' id='word_1_138' title='bbox 805 2311 846 2375; x_wconf 91' lang='lat' dir='ltr'>ad</span> <span class='ocrx_word' id='word_1_139' title='bbox 873 2312 1051 2376; x_wconf 91' lang='lat' dir='ltr'>ornandum</span> <span class='ocrx_word' id='word_1_140' title='bbox 1075 2312 1224 2397; x_wconf 89' lang='lat' dir='ltr'>adsump-</span> 
     </span>
     <span class='ocr_line' id='line_1_20' title="bbox 156 2419 1224 2505; baseline 0.003 -23"><span class='ocrx_word' id='word_1_141' title='bbox 156 2429 240 2501; x_wconf 73' lang='lat' dir='ltr'>tum,</span> <span class='ocrx_word' id='word_1_142' title='bbox 280 2441 361 2504; x_wconf 90' lang='lat' dir='ltr'>quae</span> <span class='ocrx_word' id='word_1_143' title='bbox 392 2419 511 2504; x_wconf 88' lang='lat' dir='ltr'>duplex</span> <span class='ocrx_word' id='word_1_144' title='bbox 535 2421 666 2505; x_wconf 90' lang='lat' dir='ltr'>partitio</span> <span class='ocrx_word' id='word_1_145' title='bbox 689 2421 910 2486; x_wconf 89' lang='lat' dir='ltr'>tantummodo</span> <span class='ocrx_word' id='word_1_146' title='bbox 935 2422 968 2485; x_wconf 90' lang='lat' dir='ltr'>in</span> <span class='ocrx_word' id='word_1_147' title='bbox 993 2421 1224 2486; x_wconf 89' lang='lat' dir='ltr'>Partitionibus</span> 
     </span>
     <span class='ocr_line' id='line_1_21' title="bbox 154 2526 1223 2594; baseline 0.003 -4"><span class='ocrx_word' id='word_1_148' title='bbox 154 2526 332 2590; x_wconf 85' lang='lat' dir='ltr'>invenitur.</span> <span class='ocrx_word' id='word_1_149' title='bbox 379 2527 426 2592; x_wconf 87' lang='lat' dir='ltr'>At</span> <span class='ocrx_word' id='word_1_150' title='bbox 448 2526 583 2591; x_wconf 91' lang='lat' dir='ltr'>totidem</span> <span class='ocrx_word' id='word_1_151' title='bbox 607 2527 742 2593; x_wconf 85' lang='lat' dir='ltr'>virtutes</span> <span class='ocrx_word' id='word_1_152' title='bbox 765 2529 959 2594; x_wconf 88' lang='lat' dir='ltr'>narrationis</span> <span class='ocrx_word' id='word_1_153' title='bbox 989 2530 1085 2593; x_wconf 91' lang='lat' dir='ltr'>etiam</span> <span class='ocrx_word' id='word_1_154' title='bbox 1109 2530 1142 2592; x_wconf 91' lang='lat' dir='ltr'>in</span> <span class='ocrx_word' id='word_1_155' title='bbox 1168 2529 1223 2593; x_wconf 93' lang='lat' dir='ltr'>lib.</span> 
     </span>
     <span class='ocr_line' id='line_1_22' title="bbox 154 2632 1223 2717; baseline 0.002 -21"><span class='ocrx_word' id='word_1_156' title='bbox 154 2633 198 2697; x_wconf 88' lang='lat' dir='ltr'>de</span> <span class='ocrx_word' id='word_1_157' title='bbox 220 2633 287 2697; x_wconf 86' lang='lat' dir='ltr'>inv.</span> <span class='ocrx_word' id='word_1_158' title='bbox 313 2642 345 2696; x_wconf 92' lang='lat' dir='ltr'>et</span> <span class='ocrx_word' id='word_1_159' title='bbox 371 2633 406 2697; x_wconf 90' lang='lat' dir='ltr'>in</span> <span class='ocrx_word' id='word_1_160' title='bbox 432 2633 488 2699; x_wconf 92' lang='lat' dir='ltr'>lib.</span> <span class='ocrx_word' id='word_1_161' title='bbox 515 2633 554 2698; x_wconf 94' lang='lat' dir='ltr'>de</span> <span class='ocrx_word' id='word_1_162' title='bbox 580 2657 624 2698; x_wconf 87' lang='lat' dir='ltr'>or.</span> <span class='ocrx_word' id='word_1_163' title='bbox 651 2635 737 2699; x_wconf 92' lang='lat' dir='ltr'>etin</span> <span class='ocrx_word' id='word_1_164' title='bbox 764 2632 900 2700; x_wconf 89' lang='lat' dir='ltr'>Oratore</span> <span class='ocrx_word' id='word_1_165' title='bbox 924 2645 1223 2717; x_wconf 89' lang='lat' dir='ltr'>commemorantur,</span> 
     </span>
     <span class='ocr_line' id='line_1_23' title="bbox 152 2740 1224 2827; baseline 0.002 -24"><span class='ocrx_word' id='word_1_166' title='bbox 152 2762 352 2826; x_wconf 87' lang='lat' dir='ltr'>quamquam</span> <span class='ocrx_word' id='word_1_167' title='bbox 375 2741 408 2805; x_wconf 93' lang='lat' dir='ltr'>in</span> <span class='ocrx_word' id='word_1_168' title='bbox 432 2740 484 2806; x_wconf 92' lang='lat' dir='ltr'>his</span> <span class='ocrx_word' id='word_1_169' title='bbox 508 2742 600 2816; x_wconf 88' lang='lat' dir='ltr'>libris</span> <span class='ocrx_word' id='word_1_170' title='bbox 624 2743 765 2807; x_wconf 79' lang='lat' dir='ltr'>brevitas</span> <span class='ocrx_word' id='word_1_171' title='bbox 790 2767 854 2807; x_wconf 89' lang='lat' dir='ltr'>una</span> <span class='ocrx_word' id='word_1_172' title='bbox 877 2753 927 2808; x_wconf 88' lang='lat' dir='ltr'>est</span> <span class='ocrx_word' id='word_1_173' title='bbox 942 2768 959 2808; x_wconf 91' lang='lat' dir='ltr'>e</span> <span class='ocrx_word' id='word_1_174' title='bbox 975 2745 1078 2809; x_wconf 90' lang='lat' dir='ltr'>tribus</span> <span class='ocrx_word' id='word_1_175' title='bbox 1096 2752 1127 2807; x_wconf 89' lang='lat' dir='ltr'>et</span> <span class='ocrx_word' id='word_1_176' title='bbox 1143 2765 1224 2827; x_wconf 90' lang='lat' dir='ltr'>quae</span> 
     </span>
     <span class='ocr_line' id='line_1_24' title="bbox 155 2846 1225 2936; baseline 0.001 -25"><span class='ocrx_word' id='word_1_177' title='bbox 155 2849 192 2911; x_wconf 92' lang='lat' dir='ltr'>in</span> <span class='ocrx_word' id='word_1_178' title='bbox 215 2846 449 2912; x_wconf 88' lang='lat' dir='ltr'>Partitionibus</span> <span class='ocrx_word' id='word_1_179' title='bbox 477 2850 573 2914; x_wconf 91' lang='lat' dir='ltr'>tertia</span> <span class='ocrx_word' id='word_1_180' title='bbox 600 2851 785 2914; x_wconf 90' lang='lat' dir='ltr'>nominatur</span> <span class='ocrx_word' id='word_1_181' title='bbox 805 2852 1081 2936; x_wconf 86' lang='lat' dir='ltr'>praetermittitur.</span> <span class='ocrx_word' id='word_1_182' title='bbox 1129 2848 1225 2930; x_wconf 80' lang='lat' dir='ltr'>Quod</span> 
     </span>
     <span class='ocr_line' id='line_1_25' title="bbox 152 2954 1226 3043; baseline 0.002 -25"><span class='ocrx_word' id='word_1_183' title='bbox 152 2957 195 3019; x_wconf 89' lang='lat' dir='ltr'>fit</span> <span class='ocrx_word' id='word_1_184' title='bbox 227 2954 315 3020; x_wconf 91' lang='lat' dir='ltr'>idem</span> <span class='ocrx_word' id='word_1_185' title='bbox 348 2957 383 3020; x_wconf 90' lang='lat' dir='ltr'>in</span> <span class='ocrx_word' id='word_1_186' title='bbox 419 2954 549 3042; x_wconf 89' lang='lat' dir='ltr'>Topicis</span> <span class='ocrx_word' id='word_1_187' title='bbox 578 2957 612 3020; x_wconf 92' lang='lat' dir='ltr'>in</span> <span class='ocrx_word' id='word_1_188' title='bbox 642 2959 760 3043; x_wconf 91' lang='lat' dir='ltr'>quibus</span> <span class='ocrx_word' id='word_1_189' title='bbox 783 2969 949 3042; x_wconf 88' lang='lat' dir='ltr'>praeterea</span> <span class='ocrx_word' id='word_1_190' title='bbox 972 2958 1168 3042; x_wconf 89' lang='lat' dir='ltr'>praecipitur</span> <span class='ocrx_word' id='word_1_191' title='bbox 1190 2967 1226 3021; x_wconf 91' lang='lat' dir='ltr'>ut</span> 
     </span>
     <span class='ocr_line' id='line_1_26' title="bbox 156 3061 1224 3149; baseline 0.004 -23"><span class='ocrx_word' id='word_1_192' title='bbox 156 3061 324 3127; x_wconf 83' lang='lat' dir='ltr'>evidentes</span> <span class='ocrx_word' id='word_1_193' title='bbox 359 3064 562 3128; x_wconf 90' lang='lat' dir='ltr'>narrationes</span> <span class='ocrx_word' id='word_1_194' title='bbox 591 3064 656 3128; x_wconf 91' lang='lat' dir='ltr'>sint</span> <span class='ocrx_word' id='word_1_195' title='bbox 684 3074 716 3128; x_wconf 91' lang='lat' dir='ltr'>et</span> <span class='ocrx_word' id='word_1_196' title='bbox 738 3076 880 3129; x_wconf 87' lang='lat' dir='ltr'>moratae</span> <span class='ocrx_word' id='word_1_197' title='bbox 905 3076 936 3129; x_wconf 94' lang='lat' dir='ltr'>et</span> <span class='ocrx_word' id='word_1_198' title='bbox 961 3088 1032 3128; x_wconf 91' lang='lat' dir='ltr'>cum</span> <span class='ocrx_word' id='word_1_199' title='bbox 1057 3065 1224 3149; x_wconf 84' lang='lat' dir='ltr'>dignitate.</span> 
     </span>
     <span class='ocr_line' id='line_1_27' title="bbox 155 3168 1226 3258; baseline 0.004 -26"><span class='ocrx_word' id='word_1_200' title='bbox 155 3168 228 3232; x_wconf 88' lang='lat' dir='ltr'>Iam</span> <span class='ocrx_word' id='word_1_201' title='bbox 264 3169 303 3233; x_wconf 91' lang='lat' dir='ltr'>de</span> <span class='ocrx_word' id='word_1_202' title='bbox 338 3170 475 3254; x_wconf 84' lang='lat' dir='ltr'>singulis</span> <span class='ocrx_word' id='word_1_203' title='bbox 511 3170 672 3235; x_wconf 91' lang='lat' dir='ltr'>dilucidae</span> <span class='ocrx_word' id='word_1_204' title='bbox 700 3172 894 3237; x_wconf 88' lang='lat' dir='ltr'>narrationis</span> <span class='ocrx_word' id='word_1_205' title='bbox 921 3172 1100 3257; x_wconf 87' lang='lat' dir='ltr'>praeceptis</span> <span class='ocrx_word' id='word_1_206' title='bbox 1129 3195 1226 3258; x_wconf 90' lang='lat' dir='ltr'>supra</span> 
     </span>
     <span class='ocr_line' id='line_1_28' title="bbox 158 3274 1225 3366; baseline 0.007 -28"><span class='ocrx_word' id='word_1_207' title='bbox 158 3274 280 3340; x_wconf 88' lang='lat' dir='ltr'>dictum</span> <span class='ocrx_word' id='word_1_208' title='bbox 315 3286 373 3341; x_wconf 91' lang='lat' dir='ltr'>est.</span> <span class='ocrx_word' id='word_1_209' title='bbox 425 3275 517 3357; x_wconf 78' lang='lat' dir='ltr'>Quae</span> <span class='ocrx_word' id='word_1_210' title='bbox 553 3286 660 3341; x_wconf 90' lang='lat' dir='ltr'>autem</span> <span class='ocrx_word' id='word_1_211' title='bbox 700 3278 739 3342; x_wconf 92' lang='lat' dir='ltr'>ad</span> <span class='ocrx_word' id='word_1_212' title='bbox 774 3280 989 3344; x_wconf 88' lang='lat' dir='ltr'>narrationem</span> <span class='ocrx_word' id='word_1_213' title='bbox 1023 3281 1225 3366; x_wconf 86' lang='lat' dir='ltr'>probabilem</span> 
     </span>
     <span class='ocr_line' id='line_1_29' title="bbox 158 3384 1224 3471; baseline 0.006 -25"><span class='ocrx_word' id='word_1_214' title='bbox 158 3384 322 3469; x_wconf 90' lang='lat' dir='ltr'>pertinent</span> <span class='ocrx_word' id='word_1_215' title='bbox 355 3407 420 3448; x_wconf 91' lang='lat' dir='ltr'>non</span> <span class='ocrx_word' id='word_1_216' title='bbox 453 3385 591 3448; x_wconf 87' lang='lat' dir='ltr'>multum</span> <span class='ocrx_word' id='word_1_217' title='bbox 621 3386 662 3450; x_wconf 90' lang='lat' dir='ltr'>ab</span> <span class='ocrx_word' id='word_1_218' title='bbox 686 3387 726 3450; x_wconf 92' lang='lat' dir='ltr'>iis</span> <span class='ocrx_word' id='word_1_219' title='bbox 752 3409 833 3471; x_wconf 86' lang='lat' dir='ltr'>quae</span> <span class='ocrx_word' id='word_1_220' title='bbox 858 3388 989 3452; x_wconf 89' lang='lat' dir='ltr'>suntin</span> <span class='ocrx_word' id='word_1_221' title='bbox 1013 3388 1069 3453; x_wconf 91' lang='lat' dir='ltr'>lib.</span> <span class='ocrx_word' id='word_1_222' title='bbox 1095 3389 1134 3452; x_wconf 90' lang='lat' dir='ltr'>de</span> <span class='ocrx_word' id='word_1_223' title='bbox 1158 3390 1224 3453; x_wconf 83' lang='lat' dir='ltr'>inv.</span> 
     </span>
     <span class='ocr_line' id='line_1_30' title="bbox 156 3485 1225 3575; baseline 0.003 -21"><span class='ocrx_word' id='word_1_224' title='bbox 156 3485 204 3573; x_wconf 88' lang='lat' dir='ltr'>(l,</span> <span class='ocrx_word' id='word_1_225' title='bbox 230 3491 282 3573; x_wconf 83' lang='lat'>21,</span> <span class='ocrx_word' id='word_1_226' title='bbox 309 3485 365 3573; x_wconf 92' lang='grc'>29)</span> <span class='ocrx_word' id='word_1_227' title='bbox 405 3489 597 3575; x_wconf 88' lang='lat' dir='ltr'>discrepant.</span> <span class='ocrx_word' id='word_1_228' title='bbox 655 3492 737 3556; x_wconf 88' lang='lat' dir='ltr'>Nam</span> <span class='ocrx_word' id='word_1_229' title='bbox 777 3494 888 3557; x_wconf 90' lang='lat' dir='ltr'>eadem</span> <span class='ocrx_word' id='word_1_230' title='bbox 926 3494 991 3558; x_wconf 89' lang='lat' dir='ltr'>fere</span> <span class='ocrx_word' id='word_1_231' title='bbox 1029 3497 1153 3559; x_wconf 90' lang='lat' dir='ltr'>ratione</span> <span class='ocrx_word' id='word_1_232' title='bbox 1191 3496 1225 3557; x_wconf 92' lang='lat' dir='ltr'>in</span> 
     </span>
     <span class='ocr_line' id='line_1_31' title="bbox 159 3596 1223 3685; baseline 0.002 -24"><span class='ocrx_word' id='word_1_233' title='bbox 159 3605 296 3682; x_wconf 87' lang='lat' dir='ltr'>utraque</span> <span class='ocrx_word' id='word_1_234' title='bbox 332 3596 549 3680; x_wconf 88' lang='lat' dir='ltr'>disputatione</span> <span class='ocrx_word' id='word_1_235' title='bbox 586 3597 707 3660; x_wconf 90' lang='lat' dir='ltr'>dictum</span> <span class='ocrx_word' id='word_1_236' title='bbox 735 3608 783 3663; x_wconf 91' lang='lat' dir='ltr'>est</span> <span class='ocrx_word' id='word_1_237' title='bbox 812 3599 850 3663; x_wconf 93' lang='lat' dir='ltr'>de</span> <span class='ocrx_word' id='word_1_238' title='bbox 879 3601 1034 3685; x_wconf 88' lang='lat' dir='ltr'>personis,</span> <span class='ocrx_word' id='word_1_239' title='bbox 1071 3601 1110 3665; x_wconf 89' lang='lat' dir='ltr'>de</span> <span class='ocrx_word' id='word_1_240' title='bbox 1134 3601 1223 3682; x_wconf 90' lang='lat' dir='ltr'>locis,</span> 
     </span>
     <span class='ocr_line' id='line_1_32' title="bbox 158 3702 1225 3787; baseline 0.002 -19"><span class='ocrx_word' id='word_1_241' title='bbox 158 3703 201 3768; x_wconf 88' lang='lat' dir='ltr'>de</span> <span class='ocrx_word' id='word_1_242' title='bbox 226 3703 342 3781; x_wconf 70' lang='lat' dir='ltr'>causis</span> <span class='ocrx_word' id='word_1_243' title='bbox 374 3702 413 3766; x_wconf 90' lang='lat' dir='ltr'>de</span> <span class='ocrx_word' id='word_1_244' title='bbox 437 3702 588 3787; x_wconf 91' lang='lat' dir='ltr'>opinione</span> <span class='ocrx_word' id='word_1_245' title='bbox 611 3703 787 3785; x_wconf 91' lang='lat' dir='ltr'>hominum,</span> <span class='ocrx_word' id='word_1_246' title='bbox 814 3705 853 3769; x_wconf 92' lang='lat' dir='ltr'>de</span> <span class='ocrx_word' id='word_1_247' title='bbox 876 3729 973 3771; x_wconf 87' lang='lat' dir='ltr'>more.</span> <span class='ocrx_word' id='word_1_248' title='bbox 1020 3707 1094 3772; x_wconf 89' lang='lat' dir='ltr'>Huc</span> <span class='ocrx_word' id='word_1_249' title='bbox 1118 3716 1225 3771; x_wconf 90' lang='lat' dir='ltr'>autem</span> 
     </span>
     <span class='ocr_line' id='line_1_33' title="bbox 159 3810 1226 3900; baseline 0.005 -26"><span class='ocrx_word' id='word_1_250' title='bbox 159 3812 195 3875; x_wconf 90' lang='lat' dir='ltr'>in</span> <span class='ocrx_word' id='word_1_251' title='bbox 210 3810 445 3875; x_wconf 89' lang='lat' dir='ltr'>Partitionibus</span> <span class='ocrx_word' id='word_1_252' title='bbox 470 3810 565 3873; x_wconf 90' lang='lat' dir='ltr'>etiam</span> <span class='ocrx_word' id='word_1_253' title='bbox 590 3811 647 3873; x_wconf 90' lang='lat' dir='ltr'>illa</span> <span class='ocrx_word' id='word_1_254' title='bbox 670 3810 827 3875; x_wconf 88' lang='lat' dir='ltr'>accedunt</span> <span class='ocrx_word' id='word_1_255' title='bbox 849 3823 1029 3900; x_wconf 88' lang='lat' dir='ltr'>praecepta,</span> <span class='ocrx_word' id='word_1_256' title='bbox 1054 3824 1226 3880; x_wconf 81' lang='lat' dir='ltr'>attestata</span> 
     </span>
     <span class='ocr_line' id='line_1_34' title="bbox 159 3918 1225 4007; baseline 0.006 -26"><span class='ocrx_word' id='word_1_257' title='bbox 159 3928 193 3982; x_wconf 92' lang='lat' dir='ltr'>et</span> <span class='ocrx_word' id='word_1_258' title='bbox 228 3918 399 3981; x_wconf 87' lang='lat' dir='ltr'>coniuncta</span> <span class='ocrx_word' id='word_1_259' title='bbox 434 3939 506 3980; x_wconf 87' lang='lat' dir='ltr'>eum</span> <span class='ocrx_word' id='word_1_260' title='bbox 540 3918 728 3982; x_wconf 89' lang='lat' dir='ltr'>auctoritate</span> <span class='ocrx_word' id='word_1_261' title='bbox 757 3919 922 3983; x_wconf 92' lang='lat' dir='ltr'>hominum</span> <span class='ocrx_word' id='word_1_262' title='bbox 951 3930 983 3985; x_wconf 88' lang='lat' dir='ltr'>et</span> <span class='ocrx_word' id='word_1_263' title='bbox 1005 3923 1076 4007; x_wconf 82' lang='lat' dir='ltr'>lege</span> <span class='ocrx_word' id='word_1_264' title='bbox 1099 3932 1131 3986; x_wconf 89' lang='lat' dir='ltr'>et</span> <span class='ocrx_word' id='word_1_265' title='bbox 1153 3923 1225 3987; x_wconf 90' lang='lat' dir='ltr'>reli·</span> 
     </span>
    </p>
   </div>
   <div class='ocr_carea' id='block_1_5' title="bbox 159 4024 1225 4111">
    <p class='ocr_par' dir='ltr' id='par_1_5' title="bbox 159 4024 1225 4111">
     <span class='ocr_line' id='line_1_35' title="bbox 159 4024 1225 4111; baseline 0.008 -23"><span class='ocrx_word' id='word_1_266' title='bbox 159 4024 257 4109; x_wconf 84' lang='lat' dir='ltr'>gione</span> <span class='ocrx_word' id='word_1_267' title='bbox 292 4024 357 4089; x_wconf 87' lang='lat' dir='ltr'>dici</span> <span class='ocrx_word' id='word_1_268' title='bbox 391 4024 561 4089; x_wconf 88' lang='lat' dir='ltr'>videantur</span> <span class='ocrx_word' id='word_1_269' title='bbox 595 4035 691 4110; x_wconf 91' lang='lat' dir='ltr'>atque</span> <span class='ocrx_word' id='word_1_270' title='bbox 723 4027 866 4111; x_wconf 88' lang='lat' dir='ltr'>probitas</span> <span class='ocrx_word' id='word_1_271' title='bbox 900 4031 1060 4095; x_wconf 90' lang='lat' dir='ltr'>narrantis</span> <span class='ocrx_word' id='word_1_272' title='bbox 1090 4041 1121 4095; x_wconf 93' lang='lat' dir='ltr'>et</span> <span class='ocrx_word' id='word_1_273' title='bbox 1146 4032 1225 4095; x_wconf 92' lang='lat' dir='ltr'>anti·</span> 
     </span>
    </p>
   </div>
   <div class='ocr_carea' id='block_1_6' title="bbox 0 0 1384 4560">
    <p class='ocr_par' dir='ltr' id='par_1_6' title="bbox 0 0 1384 4560">
     <span class='ocr_line' id='line_1_36' title="bbox 0 0 1384 4560; baseline 0 0"><span class='ocrx_word' id='word_1_274' title='bbox 0 0 1384 4560; x_wconf 95' lang='lat' dir='ltr'> </span> 
     </span>
    </p>
   </div>
  </div>
 </body>
</html>
