2746 4560
671 269 714 333 43

100 500 104 506 .
154 447 278 511 lumina
319 449 490 512 verborum
538 443 582 531 (3,
608 449 660 530 54,
687 443 776 530 201).
837 446 881 512 Ε1
927 447 1012 532 quod
1057 455 1223 533 praeterea

155 551 271 618 Cicero
307 554 462 638 adiungit,
499 564 533 618 ut
569 555 661 639 quasi
697 554 854 618 naturalis
891 556 933 618 sit
967 555 1068 619 oratio
1097 564 1129 618 et
1158 576 1223 618 non

154 652 336 746 explanata,
373 660 407 724 id
442 661 547 725 simile
582 672 631 726 est
662 661 730 726 eius
755 661 840 746 quod
870 663 902 725 in
926 661 1043 726 iisdem
1065 661 1158 725 libris
1183 660 1222 724 de

154 792 199 833 or.
224 769 428 855 praescribit,
451 779 487 832 ut
515 778 629 832 ornatu
654 791 691 834 eo
718 769 830 854 quiin
855 770 1026 833 verborum
1050 768 1222 833 sententia-

153 899 288 960 rumque
312 876 445 940 floribus
470 876 626 940 consistat
650 877 753 940 oratio
779 876 933 940 distincta
949 877 1000 958 sit,
1025 898 1089 939 non
1107 898 1222 961 aequa·

153 983 264 1047 biliter
301 983 431 1067 perfusa
469 978 513 1065 (3,
541 984 592 1066 25,
619 980 686 1063 90).
740 982 795 1046 Ad
835 993 1014 1046 extremum
1052 983 1220 1065 actionem,

155 1113 236 1176 quae
275 1090 318 1154 sit
356 1089 396 1152 ad
436 1089 699 1171 amplificandum
729 1088 1011 1171 accommodanda,
1051 1091 1222 1153 verborum

153 1198 263 1281 generi
300 1196 490 1261 adnectitur.
538 1195 724 1282 Sequuntur
759 1198 821 1261 loci
856 1197 1127 1281 amplificationis,
1167 1196 1222 1280 qui

154 1304 254 1368 iidem
293 1316 368 1369 sunt
402 1316 498 1390 atque
527 1306 780 1370 confirmationis
819 1303 886 1387 (16,
912 1300 982 1386 55);
1023 1302 1109 1389 qaod
1136 1302 1223 1366 idem

154 1412 270 1476 iisdem
294 1411 360 1476 fere
384 1413 492 1476 verbis
516 1412 550 1475 in
574 1412 629 1476 lib.
656 1412 695 1476 de
718 1412 783 1476 inv.
810 1412 932 1475 dictum
956 1422 1005 1475 est
1021 1411 1059 1474 de
1076 1410 1222 1493 indigna·

154 1520 241 1589 tione
276 1518 320 1602 (1,
346 1520 399 1602 53,
427 1521 491 1584 100
508 1514 603 1605 sqq).
650 1519 795 1583 Primum
832 1519 930 1604 igitur
968 1518 1031 1582 huc
1066 1541 1106 1581 ex
1135 1519 1222 1581 inve-

152 1626 264 1690 niendi
281 1627 361 1691 locis
379 1623 493 1691 Cicero
518 1638 589 1690 octo
613 1628 754 1690 maxime
779 1625 820 1690 ad
844 1625 1106 1711 amplificandum
1130 1635 1222 1710 apt-os

152 1733 306 1798 transfert
329 1731 396 1817 (16,
415 1735 471 1814 55;
498 1731 590 1816 2,1).
624 1735 737 1798 Adicit
761 1734 990 1798 similitudines
1015 1744 1047 1797 et
1063 1732 1221 1818 exempla,

153 1864 236 1926 quae
276 1864 370 1927 saepe
407 1865 470 1906 una
505 1843 711 1906 nominantur
743 1838 810 1924 (11,
836 1839 991 1923 40111),
1031 1864 1135 1926 neque
1169 1840 1222 1904 hio

154 1949 258 2013 solum
282 1948 321 2012 de
344 1948 429 2012 fictis
452 1949 599 2033 personis
624 1949 786 2033 mutisque
802 1936 1008 2033 loquentibus
1025 1948 1221 2011 mentionem

153 2056 232 2120 11011
266 2050 320 2137 (01.
352 2055 390 2118 (10
415 2079 460 2119 or.
489 2058 516 2137 1,
544 2057 596 2136 51,
624 2057 703 2137 2453
740 2078 785 2120 or.
811 2057 863 2138 25,
889 2050 956 2137 85).
1018 2055 1146 2119 Deinde
1185 2079 1223 2119 ea

152 2186 236 2246 quae
271 2162 402 2226 omnino
437 2185 554 2244 magna
585 2161 774 2245 habeantur,
811 2185 892 2247 quae
927 2173 959 2226 et
986 2163 1019 2226 in
1043 2163 1221 2248 praeceptis

153 2269 278 2332 exordii
301 2269 346 2351 (8,
365 2264 421 2348 30)
445 2279 477 2332 01
501 2270 534 2332 in
559 2268 615 2332 lib.
642 2269 680 2332 dc
704 2293 749 2333 or.
774 2265 819 2351 (2,
837 2270 889 2350 85,
909 2265 987 2351 341)
1011 2271 1219 2353 attinguntur,

154 2376 188 2439 in
224 2375 286 2439 duo
321 2376 459 2461 partitur
493 2399 620 2460 genera.
667 2375 717 2439 De
753 2376 974 2441 misericordia
1008 2401 1084 2441 vero
1117 2371 1221 2442 conoi-

152 2482 264 2546 lianda
307 2479 360 2565 (01.
391 2483 522 2547 (101111.
550 2487 581 2564 1,
612 2486 670 2567 55,
702 2479 792 2565 106),
838 2485 876 2547 (10
916 2485 989 2548 odio
1029 2485 1220 2549 concitando

152 2588 247 2672 (ibid.
272 2591 324 2672 53,
353 2586 443 2672 100),
485 2592 524 2654 (10
562 2593 658 2656 rebus
688 2593 873 2657 amittendis
904 2605 936 2657 et
963 2594 1057 2657 malis
1080 2593 1220 2658 ferendis

151 2695 315 2780 (11111155,
341 2696 432 2781 101),
460 2699 498 2763 (10
522 2700 680 2764 brevitate
704 2701 738 2763 in
762 2701 989 2786 amplificando
1015 2700 1221 2785 adsequenda

152 2807 255 2892 deque
280 2807 448 2891 Apollonii
473 2807 558 2872 dicto
594 2805 687 2891 (ibid.
713 2808 732 2885 ἓ
755 2805 833 2891 100)
862 2809 927 2871 iam
951 2809 985 2872 in
1009 2809 1064 2872 lib.
1091 2808 1129 2871 de
1153 2809 1218 2872 inv.

151 2915 185 2978 in
224 2915 405 2999 praeceptis
446 2911 508 2979 huc
546 2916 783 3001 pertinentibus
824 2915 1052 2999 disputaverat.
1104 2914 1148 2978 Et
1187 2926 1221 2979 ut

150 3022 286 3106 grandia
309 3023 343 3086 in
371 3023 599 3108 amplificando
624 3021 801 3086 desiderari
826 3021 904 3085 dicit
927 3018 993 3104 (11,
1020 3016 1089 3104 51),
1116 3021 1219 3085 sicin

150 3128 208 3193 lib.
233 3129 272 3192 de
297 3153 341 3194 or.
367 3125 411 3212 (2,
437 3131 489 3213 82,
517 3125 595 3213 331)
630 3129 751 3213 grande
778 3128 858 3192 illud
888 3151 989 3212 genus
1014 3129 1142 3193 dicendi
1166 3153 1219 3216 ap·

151 3235 251 3320 pellat
273 3237 308 3299 in
332 3258 395 3320 quo
420 3239 563 3301 maxima
586 3260 660 3322 pars
685 3237 839 3301 orationis
860 3235 901 3300 ad
917 3247 1022 3301 motus
1040 3237 1219 3301 animorum

152 3341 372 3407 admoveatur.
418 3344 570 3429 Denique
594 3346 649 3429 qui
674 3345 736 3408 loci
760 3348 794 3408 in
819 3366 944 3429 quoque
968 3367 1084 3428 genere
1109 3367 1218 3408 causa·

152 3473 223 3512 rum
262 3450 434 3534 plurimum
475 3451 515 3514 ad
555 3452 816 3536 amplificandum
851 3453 980 3516 valeant
1011 3451 1217 3533 demonstrat,

152 3578 212 3619 nec
236 3555 408 3620 dissimilia
431 3566 526 3621 antea
549 3559 690 3622 maxime
713 3560 746 3622 in
764 3559 936 3642 generibus
953 3581 1122 3623 causarum
1137 3567 1217 3621 trac·

152 3663 259 3727 tandis
283 3663 459 3748 protulerat
482 3659 536 3745 (01.
562 3664 602 3728 de
625 3688 671 3728 or.
697 3666 726 3746 2,
752 3666 804 3747 84,
831 3666 909 3747 344;
936 3667 965 3747 2,
989 3666 1041 3746 82,
1068 3666 1145 3745 335;
1179 3664 1217 3728 de

151 3772 217 3834 inv.
244 3774 272 3852 1,
298 3771 350 3852 53,
379 3772 451 3852 100,
480 3766 566 3854 100).

241 3880 336 3943 Nunc
359 3877 550 3943 festinantes
578 3888 747 3961 tangamus
776 3901 858 3964 quae
883 3879 921 3942 de
946 3879 1047 3943 altera
1070 3878 1219 3943 dicuntur

151 3986 364 4072 perorationis
399 3996 500 4071 parte.
547 3984 758 4050 Enumeratio
786 3987 892 4069 igitur,
926 4010 1008 4072 quae
1035 3987 1069 4050 in
1096 3987 1153 4051 lib.
1178 3987 1217 4051 de

151 4093 216 4158 inv.
241 4095 344 4180 primo
368 4096 438 4158 loco
463 4093 646 4176 collocatur,
682 4117 747 4158 non
782 4095 889 4180 inepte
920 4096 954 4159 in
984 4094 1217 4159 Partitionibus
