2746 4560
677 200 720 264 80

165 376 232 440 bris
266 377 461 441 mentionem
497 374 612 440 fecisse
640 398 744 461 neque
773 375 855 441 alios
884 376 1057 462 scriptores
1080 375 1234 461 antiquos

163 483 336 569 quicquam
361 483 400 547 de
423 483 463 548 iis
488 505 569 568 quae
583 483 767 568 quaerimus
791 483 980 548 testificatos
1004 505 1086 566 esse,
1111 493 1231 565 tamen,

163 611 205 653 ne
228 589 310 654 forte
334 590 416 674 quod
443 590 520 654 utile
549 590 588 654 ad
617 589 702 655 hanc
731 589 981 676 disputationem
1005 591 1049 656 sit
1071 591 1231 676 relinqua·

164 719 235 760 mus
264 707 319 761 aut
342 697 375 760 in
403 697 621 782 suspicionem
649 698 816 763 veniamus
845 696 1050 763 incommoda
1073 697 1232 783 quaedam

163 805 294 888 fugisse,
320 805 538 890 quaerendum
562 805 766 886 arbitramur,
792 815 824 869 et
846 806 913 870 vita
938 803 1105 872 Ciceronis
1129 817 1160 870 et
1175 829 1229 892 pa·

164 911 222 975 tris
251 923 283 976 et
309 912 368 975 filii
398 910 526 996 quando
556 913 624 977 eius
653 912 740 977 modi
768 912 865 976 fuerit
889 923 924 978 ut
946 913 978 977 in
1003 936 1076 979 eam
1099 914 1230 978 omnino

168 1018 297 1083 donatio
320 1017 537 1083 Partitionum
572 1019 687 1083 eadere
711 1020 851 1104 potuerit
874 1032 906 1084 et
929 1020 998 1085 eius
1022 1021 1132 1102 animi,
1169 1043 1231 1106 quo

164 1126 275 1189 animo
298 1126 332 1189 in
355 1125 501 1190 Marcum
524 1125 625 1190 fuisse
641 1127 824 1210 putavimus
841 1135 965 1212 patrem
982 1127 1068 1192 hune
1084 1126 1232 1192 libellum

163 1234 370 1315 scribentem,
396 1246 474 1318 quot
497 1256 641 1319 quaeque
665 1233 731 1298 sint
754 1234 832 1298 alibi
857 1235 1004 1319 vestigia.

252 1336 336 1405 (lum
370 1339 469 1426 igitur
503 1342 701 1425 provinciam
731 1338 881 1406 Ciceroni
916 1342 1059 1427 aliquam
1093 1341 1232 1407 admini-

162 1457 265 1511 strare
290 1458 399 1511 coacto
416 1444 532 1512 Cilicia
556 1448 687 1512 obvenit
710 1445 764 1531 (cf.
783 1449 821 1513 ad
839 1450 908 1513 Att.
926 1451 956 1530 5,
979 1451 1017 1513 15
1035 1444 1120 1532 cet),
1146 1449 1232 1514 Mar·

164 1577 221 1618 cus
246 1578 366 1619 annum
390 1554 549 1619 decimum
566 1565 715 1640 quartum
732 1557 849 1640 agebat
865 1553 918 1639 (cf.
937 1556 978 1621 ad
992 1557 1063 1621 Att.
1083 1559 1112 1637 1,
1126 1559 1156 1641 2,
1175 1553 1230 1640 1,),

164 1674 199 1727 ut
227 1676 356 1749 propter
384 1675 522 1729 aetatem
552 1667 620 1730 eius
649 1665 804 1750 puerilem
833 1665 1029 1730 Partitiones
1057 1689 1160 1751 usque
1189 1666 1232 1730 ad

163 1769 224 1834 hoc
247 1781 374 1857 tempus
399 1772 497 1836 scribi
521 1795 586 1836 non
611 1773 755 1857 potuisse
778 1773 848 1836 iure
872 1774 956 1837 inter
979 1772 1091 1837 doctos
1116 1795 1231 1837 conve-

163 1879 242 1943 niat.
288 1878 399 1944 Rebus
435 1891 542 1943 autem
577 1879 726 1963 gerendis
752 1876 867 1944 Cicero
901 1879 1139 1965 impediebatur
1167 1902 1229 1965 quo

162 1987 268 2051 minus
291 1986 325 2050 in
350 1983 468 2051 Cilicia
495 1988 638 2050 animum
665 1987 697 2051 in
728 2009 825 2072 opera
851 1987 885 2050 id
914 2010 1014 2071 genus
1038 1987 1229 2052 intenderet.

164 2095 233 2158 Nee
258 2093 429 2179 quicquam
451 2094 588 2159 traditur
612 2094 697 2180 quod
725 2094 912 2159 testimonio
936 2118 1006 2159 esse
1030 2095 1134 2180 possit
1158 2118 1231 2160 eum

162 2201 319 2286 proximis
353 2213 427 2286 post
461 2202 660 2286 provinciam
695 2202 954 2266 administratam
981 2202 1075 2266 annis
1099 2224 1231 2287 operam

161 2309 196 2372 in
231 2309 323 2373 libris
353 2308 532 2372 scribendis
557 2310 713 2393 posuisse.
761 2306 857 2388 Quod
882 2310 908 2373 si
932 2308 1076 2391 lecisset,
1113 2309 1230 2373 mirum

160 2428 247 2480 esset
275 2415 429 2500 epistulas
459 2416 527 2479 eius
552 2417 639 2479 omni
661 2415 756 2480 huius
780 2417 826 2480 rei
851 2415 971 2480 indicio
996 2438 1120 2496 carere,
1158 2438 1231 2481 oum

162 2545 203 2586 ne
228 2522 267 2585 de
292 2523 576 2587 exercitationibus
601 2523 730 2608 quidem
755 2521 889 2589 Graecis
914 2535 946 2587 et
960 2523 1088 2587 Latinis
1112 2523 1230 2609 quibus

162 2629 224 2693 hoe
247 2638 390 2714 tempore
416 2630 564 2693 utebatur
579 2631 726 2693 Atticum
750 2630 867 2695 litteris
890 2653 956 2695 non
979 2630 1091 2694 fecerit
1115 2631 1230 2696 certio·

160 2760 227 2802 rcm
252 2732 307 2820 (cf.
333 2736 373 2800 ad
396 2739 465 2800 Att.
492 2737 521 2818 9,
547 2738 577 2818 4,
604 2733 647 2819 3).
694 2740 745 2802 Ac
769 2739 896 2823 planius
925 2738 1108 2822 significare
1133 2760 1232 2823 quam

160 2846 195 2909 in
218 2844 319 2909 Bruto
353 2844 410 2908 vix
444 2853 569 2930 poterat
604 2867 637 2909 sc
667 2844 771 2908 adhue
799 2845 882 2909 nihil
910 2855 983 2930 post
1005 2845 1106 2910 libros
1132 2845 1172 2910 de
1197 2869 1232 2910 re

160 2952 291 3038 publica
314 2951 454 3016 edidisse
478 2948 531 3036 (cl.
556 2952 647 3016 Brut.
673 2953 702 3034 5,
723 2948 788 3032 19).
820 2952 895 3016 Non
919 2962 987 3016 erat
1010 2961 1118 3017 autem
1143 2953 1232 3038 quod

160 3060 356 3124 Partitiones
382 3069 416 3124 ut
439 3061 539 3124 libros
564 3060 603 3124 de
627 3061 762 3144 legibus,
789 3061 816 3124 si
838 3040 976 3145 scriptae
991 3059 1138 3144 fuissent,
1164 3084 1232 3126 non

151 3167 354 3250 divulgaret.
391 3167 443 3231 Ita
466 3167 508 3231 ad
531 3192 650 3231 annum
674 3169 820 3232 venimus
845 3190 908 3253 quo
932 3168 966 3231 in
989 3166 1134 3232 medium
1157 3190 1232 3253 pro·

160 3274 245 3338 latus
271 3284 320 3338 est
343 3274 471 3357 Brutus,
498 3298 560 3358 quo
584 3298 668 3339 anno
692 3272 734 3357 (a.
760 3300 789 3339 u.
817 3270 895 3359 708)
918 3275 1128 3340 Drumannus
1152 3275 1232 3342 Par·

161 3383 294 3447 titiones
320 3405 445 3467 quoque
469 3384 605 3468 scriptas
631 3407 701 3448 esse
724 3385 867 3469 putabat,
899 3383 1058 3469 quiahoc
1081 3394 1231 3469 tempore

161 3493 263 3556 multa
287 3488 402 3556 Cicero
428 3491 466 3555 de
491 3502 558 3556 arte
582 3492 742 3556 rhetorica
765 3492 881 3556 litteris
906 3491 1085 3573 mandavit,
1115 3506 1235 3577 postea

160 3623 195 3664 se
220 3600 261 3663 ad
284 3598 521 3684 philosophiam
538 3600 739 3663 tractandam
756 3601 914 3664 convertit
937 3597 991 3682 (cf.
1008 3599 1123 3664 Drum.
1140 3599 1233 3666 Hist.

161 3707 254 3771 Rom.
280 3707 342 3770 vol.
367 3704 424 3789 VI,
449 3729 480 3792 p.
511 3702 599 3790 293).
647 3706 765 3770 Videre
795 3716 900 3770 autem
931 3706 1071 3771 debebat
1098 3703 1232 3772 Cicero·

161 3839 246 3896 nem,
273 3815 492 3899 compluribus
519 3812 557 3877 de
581 3814 786 3900 philosophia
808 3813 958 3899 perfectis
981 3812 1085 3895 libris,
1115 3837 1232 3880 rursus

161 3922 291 4007 Topicis
321 3921 501 3986 scribendis
529 3920 722 3985 addicendi
747 3933 918 4007 praccepta
944 3929 1132 3985 revocatum
1157 3943 1232 4006 esse

160 4039 194 4091 et
223 4029 343 4114 Topica
370 4030 442 4114 ipsa
469 4030 569 4093 multo
601 4051 671 4093 esse
700 4027 915 4093 Partitionum
944 4027 1102 4094 similiora
1131 4051 1231 4114 quam
