2746 4560
667 253 709 316 53

152 429 281 494 dentiae
315 428 427 494 formis
452 452 471 492 a
493 431 590 494 rebus
618 429 756 515 publicis
792 428 972 512 abhorrere,
1010 428 1144 492 alteram
1179 427 1219 492 ad

151 560 203 602 res
228 539 374 624 publicas
398 538 558 624 pertinere
583 547 702 602 censet.
750 533 842 616 Quae
866 538 1026 602 sententia
1050 546 1081 600 et
1103 558 1161 621 per
1185 559 1219 601 se

152 655 229 730 apta
252 655 284 708 et
306 668 437 730 prorsus
461 644 501 708 ad
525 645 744 709 Romanorum
775 667 880 709 mores
905 645 1145 728 sententiasque
1168 666 1219 707 ac-

151 752 356 816 commodata
391 761 468 817 erat.
516 753 562 815 At
592 750 678 815 idem
712 748 826 815 Cicero
855 751 890 814 in
920 751 976 814 lib.
1002 750 1041 814 de
1065 750 1118 815 off.
1144 773 1219 836 quo·

151 858 239 922 niam
265 857 303 922 de
328 881 365 922 ea
388 859 518 923 omnino
542 857 646 922 forma
667 858 790 942 primae
821 857 948 922 virtutis
971 857 1114 942 loquitur
1138 879 1219 942 quae

150 989 171 1030 a
204 966 301 1030 rebus
322 965 489 1050 'gerendis
528 965 668 1030 abducat
701 987 845 1050 quaeque
881 965 1008 1028 actione
1035 965 1220 1029 intermissa

151 1083 238 1136 recte
263 1073 385 1136 colatur
408 1067 452 1155 (1,
479 1074 508 1152 6,
537 1067 605 1156 19),
642 1071 727 1135 hanc
761 1072 913 1149 yirtutem
946 1080 1047 1134 totam
1078 1070 1219 1136 voluisse

150 1178 278 1244 videtur
301 1203 320 1243 a
342 1180 439 1244 rebus
463 1179 602 1265 publicis
627 1179 765 1242 alienam
789 1201 860 1243 esse
885 1188 916 1242 et
938 1187 1108 1261 remotam3
1138 1200 1219 1262 quae

150 1297 322 1373 praecepta
356 1288 412 1351 vix
445 1288 492 1351 ita
525 1286 731 1369 instituisset,
765 1287 792 1350 si
828 1287 892 1350 iam
922 1284 961 1349 de
985 1307 1023 1350 ea
1046 1285 1219 1371 partitione

151 1394 246 1459 huius
270 1395 399 1459 virtutis
424 1416 505 1479 quae
530 1404 579 1458 est
602 1394 637 1457 in
660 1393 894 1458 Partitionibus
919 1393 1103 1477 cogitasset.
1143 1388 1217 1474 Sed,

151 1511 186 1565 ut
221 1501 262 1566 ad
296 1524 350 1566 eas
386 1501 521 1566 virtutes
551 1523 633 1586 quae
662 1501 788 1564 actione
813 1501 1018 1564 continentur
1040 1500 1217 1581 veniamus,

149 1609 397 1693 temperantiam
420 1608 454 1672 in
478 1607 712 1672 Partitionibus
741 1607 809 1672 eius
837 1607 924 1672 modi
954 1629 1025 1671 esse
1050 1606 1162 1671 definit
1185 1617 1220 1669 ut

150 1717 184 1780 in
208 1715 415 1780 moderandis
441 1715 672 1801 cupiditatibus
700 1714 914 1799 regendisque
943 1714 1043 1778 animi
1077 1714 1218 1779 motibus

149 1823 318 1888 consistat.
364 1823 552 1908 Eademque
586 1833 636 1887 est
664 1823 825 1887 sententia
848 1823 921 1886 aliis
946 1822 1053 1885 verbis
1078 1844 1219 1907 compre·

150 1929 253 1994 hensa
288 1931 385 1994 etiam
420 1931 454 1994 in
483 1930 539 1994 lib.
569 1929 608 1993 de
638 1930 704 1993 inv.
728 1925 772 2012 (2,
799 1929 851 2011 54,
879 1925 957 2008 164)
986 1937 1018 1991 et
1040 1928 1074 1991 in
1097 1928 1154 1992 lib.
1180 1928 1219 1992 de

149 2036 204 2101 off.
244 2033 502 2119 (1§§17,93,
530 2031 617 2117 102).
681 2032 867 2120 Sequuntur
911 2035 946 2097 in
984 2032 1218 2099 Partitionibus
1298 2055 1300 2060 ·

150 2155 258 2228 partes
284 2144 524 2228 temperantiae,
562 2165 697 2227 quarum
726 2142 828 2205 altera
855 2141 895 2205 ad
919 2141 1065 2227 proprias
1088 2164 1140 2206 res
1164 2141 1219 2206 ho·

152 2251 275 2312 minum
310 2249 518 2334 singulorum,
556 2249 657 2313 altera
692 2248 732 2312 ad
767 2270 818 2312 res
853 2271 1038 2312 communes
1069 2249 1217 2334 pertinet.

151 2354 202 2418 De
226 2356 343 2440 quibus
367 2356 512 2440 partibus
537 2357 625 2442 prior
648 2379 686 2419 ea
710 2357 811 2419 virtus
836 2366 885 2420 est
908 2377 990 2440 qnae
1014 2355 1108 2420 modo
1130 2355 1219 2420 forti·

155 2461 233 2526 tudo
257 2460 310 2546 (de
334 2463 400 2527 inv.
426 2463 454 2546 2,
481 2464 533 2546 54,
560 2464 637 2546 1633
671 2462 788 2527 defin.
815 2466 843 2546 1,
871 2465 921 2543 15,
946 2465 1003 2546 49,
1029 2464 1058 2546 2,
1086 2465 1136 2547 16,
1161 2465 1218 2547 513

152 2570 185 2652 5,
212 2570 263 2652 23,
290 2570 346 2654 61;
373 2570 467 2635 Tusc.
493 2572 522 2654 3,
548 2571 578 2653 8,
605 2572 660 2650 17;
687 2569 726 2634 de
750 2569 802 2635 off.
825 2572 853 2652 1,
878 2572 928 2653 19,
951 2571 993 2635 62
1011 2565 1098 2654 cet),
1124 2572 1219 2635 modo

150 2677 340 2760 magnitudo
364 2677 465 2741 animi
500 2674 544 2763 (p.
570 2699 614 2741 or.
641 2677 692 2760 22,
720 2678 777 2760 773
808 2676 847 2741 de
872 2677 925 2742 off.
951 2679 979 2760 1,
1007 2678 1058 2760 19,
1084 2679 1127 2743 64
1144 2674 1219 2760 cet.)

148 2784 340 2869 appellatur.
387 2784 577 2869 Magnitudo
612 2783 711 2870 igitur
739 2784 838 2848 animi
862 2785 896 2848 in
919 2784 1153 2849 Partitionibus
1178 2785 1218 2847 ad

149 2891 362 2957 moderandas
387 2892 580 2979 cupiditates
603 2892 825 2977 regendosque
846 2892 945 2955 animi
962 2900 1068 2955 motus
1084 2891 1219 2954 refertur

149 2998 278 3063 sedita
302 3010 336 3064 ut
359 3022 486 3086 semper
509 3000 550 3065 ad
575 3002 669 3065 unius
694 3000 830 3064 alicuius
853 3022 906 3063 res
931 2999 1090 3084 pertineat
1118 3007 1150 3062 et
1184 3000 1217 3062 in

148 3107 245 3170 rebus
281 3106 458 3172 commodis
493 3117 549 3172 aut
574 3131 641 3172 non
664 3107 843 3193 expetendo
868 3115 923 3170 aut
947 3105 1148 3190 abstinendo,
1184 3107 1217 3170 in

149 3214 246 3277 rebus
280 3214 493 3280 incommodis
528 3225 583 3279 aut
611 3213 800 3279 fortitudine
824 3223 879 3278 aut
902 3214 1047 3300 patentia
1071 3224 1218 3278 cernatur

148 3317 217 3402 (22,
245 3316 310 3400 11).
353 3321 405 3384 Ac
428 3323 599 3407 praecipue
623 3323 656 3385 in
682 3321 805 3386 duobus
829 3321 880 3386 his
906 3322 1067 3405 extremis,
1093 3321 1218 3386 fortitu·

149 3427 260 3491 dinem
284 3427 355 3492 dico
379 3439 411 3492 et
434 3431 633 3513 patientiam,
665 3453 702 3494 ea
730 3430 817 3494 notio
840 3429 1038 3493 fortitudinis
1064 3451 1145 3514 quae
1170 3438 1219 3492 est

149 3536 183 3598 in
208 3533 264 3598 lib.
290 3534 329 3598 de
353 3535 419 3598 inv.
444 3532 488 3618 (2,
514 3537 566 3619 54,
594 3531 672 3618 163)
707 3538 851 3601 vertitur.
900 3533 955 3600 Sic
981 3537 1067 3599 enim
1094 3536 1141 3598 ibi
1166 3534 1218 3598 de-

150 3642 262 3707 finitur
285 3652 320 3705 ut
344 3642 386 3706 sit
408 3640 562 3706 fortitudo
587 3642 790 3707 considerata
812 3643 1028 3729 periculorum
1057 3642 1217 3727 susceptio

152 3762 186 3814 et
220 3750 367 3814 laborum
398 3749 574 3834 perpessio.
621 3748 660 3812 In
685 3749 926 3832 magnificentia
950 3759 1056 3813 autem
1080 3772 1161 3834 quae
1185 3751 1217 3813 in

151 3858 297 3943 partibus
320 3856 519 3921 fortitudinis
544 3857 682 3940 ponitur,
708 3856 936 3921 accedentibus
961 3857 1058 3920 etiam
1073 3855 1216 3938 fidentia,

152 3965 317 4050 patientia,
343 3964 584 4052 perseverantia
607 3959 727 4047 (ibid),
753 3964 819 4029 alta
841 3963 898 4027 illa
922 3973 953 4027 et
977 3963 1104 4028 excelsa
1124 3965 1219 4028 attin-

152 4083 272 4158 guntur
305 4072 338 4136 in
375 4073 492 4158 quibus
528 4094 592 4136 non
620 4082 686 4136 tam
716 4095 798 4158 quae
822 4072 1040 4159 suscipiuntur
1064 4082 1095 4136 et
1117 4072 1219 4158 perfe-
