<?xml version="1.0" encoding="UTF-8"?>
<!DOCTYPE html PUBLIC "-//W3C//DTD XHTML 1.0 Transitional//EN"
    "http://www.w3.org/TR/xhtml1/DTD/xhtml1-transitional.dtd">
<html xmlns="http://www.w3.org/1999/xhtml" xml:lang="en" lang="en">
 <head>
  <title>
</title>
<meta http-equiv="Content-Type" content="text/html;charset=utf-8" />
  <meta name='ocr-system' content='tesseract 3.04.00' />
  <meta name='ocr-capabilities' content='ocr_page ocr_carea ocr_par ocr_line ocrx_word'/>
</head>
<body>
  <div class='ocr_page' id='page_1' title='image "./deciceronispart00mercgoog_0040.png"; bbox 0 0 2746 4560; ppageno 0'>
   <div class='ocr_carea' id='block_1_1' title="bbox 674 193 716 257">
    <p class='ocr_par' dir='ltr' id='par_1_1' title="bbox 674 193 716 257">
     <span class='ocr_line' id='line_1_1' title="bbox 674 193 716 257; baseline 0.024 -1"><span class='ocrx_word' id='word_1_1' title='bbox 674 193 716 257; x_wconf 83' lang='lat'><strong>33</strong></span> 
     </span>
    </p>
   </div>
   <div class='ocr_carea' id='block_1_2' title="bbox 155 367 1226 560">
    <p class='ocr_par' dir='ltr' id='par_1_2' title="bbox 155 367 1226 560">
     <span class='ocr_line' id='line_1_2' title="bbox 157 367 1226 455; baseline -0.003 -20"><span class='ocrx_word' id='word_1_2' title='bbox 157 369 328 436; x_wconf 82' lang='lat' dir='ltr'><strong>Oratorem</strong></span> <span class='ocrx_word' id='word_1_3' title='bbox 363 370 559 434; x_wconf 79' lang='lat' dir='ltr'>scribentem</span> <span class='ocrx_word' id='word_1_4' title='bbox 593 367 776 432; x_wconf 88' lang='lat' dir='ltr'><strong>faciendum</strong></span> <span class='ocrx_word' id='word_1_5' title='bbox 810 371 986 455; x_wconf 89' lang='lat' dir='ltr'><strong>putavisse.</strong></span> <span class='ocrx_word' id='word_1_6' title='bbox 1033 368 1155 434; x_wconf 88' lang='lat' dir='ltr'><strong>Verum</strong></span> <span class='ocrx_word' id='word_1_7' title='bbox 1185 369 1226 434; x_wconf 88' lang='lat' dir='ltr'><strong>ad</strong></span> 
     </span>
     <span class='ocr_line' id='line_1_3' title="bbox 155 475 1116 560; baseline -0.002 -18"><span class='ocrx_word' id='word_1_8' title='bbox 155 478 286 542; x_wconf 75' lang='lat' dir='ltr'>tertiam</span> <span class='ocrx_word' id='word_1_9' title='bbox 309 477 552 558; x_wconf 81' lang='lat' dir='ltr'><strong>maximamque</strong></span> <span class='ocrx_word' id='word_1_10' title='bbox 576 475 730 540; x_wconf 89' lang='lat' dir='ltr'><strong>orationis</strong></span> <span class='ocrx_word' id='word_1_11' title='bbox 753 486 878 560; x_wconf 86' lang='lat' dir='ltr'><strong>partem</strong></span> <span class='ocrx_word' id='word_1_12' title='bbox 902 488 1116 543; x_wconf 85' lang='lat' dir='ltr'><strong>transeamus.</strong></span> 
     </span>
    </p>
   </div>
   <div class='ocr_carea' id='block_1_3' title="bbox 467 651 916 719">
    <p class='ocr_par' dir='ltr' id='par_1_3' title="bbox 467 651 916 719">
     <span class='ocr_line' id='line_1_4' title="bbox 467 651 916 719; baseline 0.007 -3"><span class='ocrx_word' id='word_1_13' title='bbox 467 651 496 716; x_wconf 82' lang='lat'><strong>8.</strong></span> <span class='ocrx_word' id='word_1_14' title='bbox 529 651 584 716; x_wconf 93' lang='lat' dir='ltr'><strong>De</strong></span> <span class='ocrx_word' id='word_1_15' title='bbox 608 651 916 719; x_wconf 82' lang='lat' dir='ltr'><strong>confirmatione.</strong></span> 
     </span>
    </p>
   </div>
   <div class='ocr_carea' id='block_1_4' title="bbox 149 796 1225 3986">
    <p class='ocr_par' dir='ltr' id='par_1_4' title="bbox 149 796 1225 3986">
     <span class='ocr_line' id='line_1_5' title="bbox 240 796 1224 884; baseline -0.001 -23"><span class='ocrx_word' id='word_1_16' title='bbox 240 797 440 882; x_wconf 85' lang='lat' dir='ltr'><strong>¹Disputatur</strong></span> <span class='ocrx_word' id='word_1_17' title='bbox 455 796 553 880; x_wconf 87' lang='lat' dir='ltr'><strong>igitur</strong></span> <span class='ocrx_word' id='word_1_18' title='bbox 568 796 602 860; x_wconf 89' lang='lat' dir='ltr'><strong>in</strong></span> <span class='ocrx_word' id='word_1_19' title='bbox 620 796 872 861; x_wconf 89' lang='lat' dir='ltr'><strong>confirmationis</strong></span> <span class='ocrx_word' id='word_1_20' title='bbox 889 799 1068 883; x_wconf 78' lang='lat' dir='ltr'><strong>praeceptis</strong></span> <span class='ocrx_word' id='word_1_21' title='bbox 1084 799 1224 884; x_wconf 90' lang='lat' dir='ltr'><strong>primum</strong></span> 
     </span>
     <span class='ocr_line' id='line_1_6' title="bbox 157 899 1223 988; baseline 0.001 -20"><span class='ocrx_word' id='word_1_22' title='bbox 157 905 198 968; x_wconf 89' lang='lat' dir='ltr'><strong>de</strong></span> <span class='ocrx_word' id='word_1_23' title='bbox 222 904 302 968; x_wconf 89' lang='lat' dir='ltr'><strong>locis</strong></span> <span class='ocrx_word' id='word_1_24' title='bbox 327 902 538 967; x_wconf 89' lang='lat' dir='ltr'><strong>confirmandi</strong></span> <span class='ocrx_word' id='word_1_25' title='bbox 567 912 598 966; x_wconf 88' lang='lat' dir='ltr'><strong>et</strong></span> <span class='ocrx_word' id='word_1_26' title='bbox 624 902 883 988; x_wconf 90' lang='lat' dir='ltr'><strong>reprehendendi</strong></span> <span class='ocrx_word' id='word_1_27' title='bbox 912 899 978 986; x_wconf 88' lang='grc'><strong>(10,</strong></span> <span class='ocrx_word' id='word_1_28' title='bbox 998 906 1138 986; x_wconf 87' lang='grc'><strong>34-12,</strong></span> <span class='ocrx_word' id='word_1_29' title='bbox 1156 901 1223 986; x_wconf 87' lang='grc'><strong>44),</strong></span> 
     </span>
     <span class='ocr_line' id='line_1_7' title="bbox 157 1006 1223 1094; baseline 0 -20"><span class='ocrx_word' id='word_1_30' title='bbox 157 1009 276 1074; x_wconf 88' lang='lat' dir='ltr'><strong>deinde</strong></span> <span class='ocrx_word' id='word_1_31' title='bbox 311 1008 351 1072; x_wconf 90' lang='lat' dir='ltr'><strong>de</strong></span> <span class='ocrx_word' id='word_1_32' title='bbox 389 1009 579 1073; x_wconf 85' lang='lat' dir='ltr'><strong>tractatione</strong></span> <span class='ocrx_word' id='word_1_33' title='bbox 620 1019 882 1094; x_wconf 86' lang='lat' dir='ltr'><strong>argumentorum</strong></span> <span class='ocrx_word' id='word_1_34' title='bbox 917 1006 984 1093; x_wconf 85' lang='lat'>(13,</span> <span class='ocrx_word' id='word_1_35' title='bbox 1002 1010 1223 1094; x_wconf 51' lang='lat' dir='ltr'><strong>tto—1347).</strong></span> 
     </span>
     <span class='ocr_line' id='line_1_8' title="bbox 156 1115 1223 1202; baseline 0 -20"><span class='ocrx_word' id='word_1_36' title='bbox 156 1121 267 1201; x_wconf 88' lang='lat' dir='ltr'><strong>Atque</strong></span> <span class='ocrx_word' id='word_1_37' title='bbox 291 1115 445 1181; x_wconf 88' lang='lat' dir='ltr'><strong>hactenus</strong></span> <span class='ocrx_word' id='word_1_38' title='bbox 470 1116 583 1180; x_wconf 88' lang='lat' dir='ltr'><strong>eadem</strong></span> <span class='ocrx_word' id='word_1_39' title='bbox 606 1116 672 1180; x_wconf 89' lang='lat' dir='ltr'><strong>fere</strong></span> <span class='ocrx_word' id='word_1_40' title='bbox 697 1126 746 1180; x_wconf 91' lang='lat' dir='ltr'><strong>est</strong></span> <span class='ocrx_word' id='word_1_41' title='bbox 769 1117 989 1202; x_wconf 89' lang='lat' dir='ltr'><strong>praecipiendi</strong></span> <span class='ocrx_word' id='word_1_42' title='bbox 1009 1117 1147 1182; x_wconf 81' lang='lat' dir='ltr'><strong>ratio-in</strong></span> <span class='ocrx_word' id='word_1_43' title='bbox 1168 1119 1223 1182; x_wconf 93' lang='lat' dir='ltr'><strong>lib.</strong></span> 
     </span>
     <span class='ocr_line' id='line_1_9' title="bbox 158 1222 1225 1309; baseline 0.003 -23"><span class='ocrx_word' id='word_1_44' title='bbox 158 1223 199 1286; x_wconf 92' lang='lat' dir='ltr'><strong>de</strong></span> <span class='ocrx_word' id='word_1_45' title='bbox 215 1223 291 1306; x_wconf 82' lang='lat' dir='ltr'><strong>inv,</strong></span> <span class='ocrx_word' id='word_1_46' title='bbox 312 1223 478 1308; x_wconf 89' lang='lat' dir='ltr'><strong>inquibus</strong></span> <span class='ocrx_word' id='word_1_47' title='bbox 495 1223 594 1289; x_wconf 87' lang='lat' dir='ltr'><strong>simili</strong></span> <span class='ocrx_word' id='word_1_48' title='bbox 611 1222 705 1287; x_wconf 92' lang='lat' dir='ltr'><strong>modo</strong></span> <span class='ocrx_word' id='word_1_49' title='bbox 723 1223 875 1309; x_wconf 88' lang='lat' dir='ltr'><strong>deinceps</strong></span> <span class='ocrx_word' id='word_1_50' title='bbox 892 1224 955 1288; x_wconf 91' lang='lat' dir='ltr'><strong>loci</strong></span> <span class='ocrx_word' id='word_1_51' title='bbox 972 1224 1225 1289; x_wconf 88' lang='lat' dir='ltr'><strong>confirmationis</strong></span> 
     </span>
     <span class='ocr_line' id='line_1_10' title="bbox 158 1327 1223 1416; baseline 0.002 -21"><span class='ocrx_word' id='word_1_52' title='bbox 158 1329 204 1412; x_wconf 92' lang='grc'><strong>(1,</strong></span> <span class='ocrx_word' id='word_1_53' title='bbox 222 1331 273 1413; x_wconf 90' lang='grc'><strong>24,</strong></span> <span class='ocrx_word' id='word_1_54' title='bbox 293 1331 335 1395; x_wconf 90' lang='grc'><strong>34</strong></span> <span class='ocrx_word' id='word_1_55' title='bbox 351 1327 436 1416; x_wconf 85' lang='lat' dir='ltr'><strong>sqq.)</strong></span> <span class='ocrx_word' id='word_1_56' title='bbox 472 1343 504 1394; x_wconf 88' lang='lat' dir='ltr'><strong>et</strong></span> <span class='ocrx_word' id='word_1_57' title='bbox 537 1331 609 1416; x_wconf 91' lang='lat' dir='ltr'><strong>ipsa</strong></span> <span class='ocrx_word' id='word_1_58' title='bbox 643 1340 905 1415; x_wconf 84' lang='lat' dir='ltr'><strong>argumentorum</strong></span> <span class='ocrx_word' id='word_1_59' title='bbox 935 1332 1085 1395; x_wconf 88' lang='lat' dir='ltr'><strong>tractatio</strong></span> <span class='ocrx_word' id='word_1_60' title='bbox 1110 1329 1152 1413; x_wconf 95' lang='grc'><strong>(1,</strong></span> <span class='ocrx_word' id='word_1_61' title='bbox 1173 1334 1223 1414; x_wconf 88' lang='grc'><strong>30,</strong></span> 
     </span>
     <span class='ocr_line' id='line_1_11' title="bbox 159 1427 1225 1523; baseline 0 -21"><span class='ocrx_word' id='word_1_62' title='bbox 159 1440 204 1502; x_wconf 79' lang='grc'><strong>50</strong></span> <span class='ocrx_word' id='word_1_63' title='bbox 220 1432 303 1523; x_wconf 88' lang='lat' dir='ltr'><strong>sqq.)</strong></span> <span class='ocrx_word' id='word_1_64' title='bbox 320 1427 501 1523; x_wconf 88' lang='lat' dir='ltr'><strong>exponitur.</strong></span> <span class='ocrx_word' id='word_1_65' title='bbox 534 1435 710 1502; x_wconf 84' lang='lat' dir='ltr'><strong>Generales</strong></span> <span class='ocrx_word' id='word_1_66' title='bbox 728 1447 835 1502; x_wconf 91' lang='lat' dir='ltr'><strong>autem</strong></span> <span class='ocrx_word' id='word_1_67' title='bbox 852 1448 1114 1522; x_wconf 84' lang='lat' dir='ltr'><strong>argumentorum</strong></span> <span class='ocrx_word' id='word_1_68' title='bbox 1136 1437 1225 1502; x_wconf 92' lang='lat' dir='ltr'><strong>locos</strong></span> 
     </span>
     <span class='ocr_line' id='line_1_12' title="bbox 156 1536 1225 1631; baseline 0 -23"><span class='ocrx_word' id='word_1_69' title='bbox 156 1536 272 1609; x_wconf 57' lang='lat' dir='ltr'><strong>&#39;Cicero</strong></span> <span class='ocrx_word' id='word_1_70' title='bbox 300 1545 334 1609; x_wconf 91' lang='lat' dir='ltr'><strong>in</strong></span> <span class='ocrx_word' id='word_1_71' title='bbox 364 1545 421 1609; x_wconf 89' lang='lat' dir='ltr'><strong>lib.</strong></span> <span class='ocrx_word' id='word_1_72' title='bbox 448 1544 488 1608; x_wconf 91' lang='lat' dir='ltr'><strong>de</strong></span> <span class='ocrx_word' id='word_1_73' title='bbox 511 1545 587 1626; x_wconf 75' lang='lat' dir='ltr'><strong>inv,</strong></span> <span class='ocrx_word' id='word_1_74' title='bbox 617 1554 653 1608; x_wconf 92' lang='lat' dir='ltr'><strong>ut</strong></span> <span class='ocrx_word' id='word_1_75' title='bbox 681 1567 777 1631; x_wconf 89' lang='lat' dir='ltr'><strong>supra</strong></span> <span class='ocrx_word' id='word_1_76' title='bbox 807 1545 974 1610; x_wconf 85' lang='lat' dir='ltr'><strong>docuimus</strong></span> <span class='ocrx_word' id='word_1_77' title='bbox 1003 1543 1048 1631; x_wconf 88' lang='lat' dir='ltr'><strong>(p.</strong></span> <span class='ocrx_word' id='word_1_78' title='bbox 1066 1541 1133 1629; x_wconf 91' lang='grc'><strong>20),</strong></span> <span class='ocrx_word' id='word_1_79' title='bbox 1160 1569 1225 1609; x_wconf 92' lang='lat' dir='ltr'><strong>om-</strong></span> 
     </span>
     <span class='ocr_line' id='line_1_13' title="bbox 157 1648 1225 1737; baseline 0.003 -23"><span class='ocrx_word' id='word_1_80' title='bbox 157 1652 232 1715; x_wconf 91' lang='lat' dir='ltr'><strong>nino</strong></span> <span class='ocrx_word' id='word_1_81' title='bbox 267 1651 504 1737; x_wconf 83' lang='lat' dir='ltr'><strong>praetermittit.</strong></span> <span class='ocrx_word' id='word_1_82' title='bbox 558 1648 681 1716; x_wconf 84' lang='lat' dir='ltr'><strong>Contra</strong></span> <span class='ocrx_word' id='word_1_83' title='bbox 714 1653 748 1715; x_wconf 92' lang='lat' dir='ltr'><strong>in</strong></span> <span class='ocrx_word' id='word_1_84' title='bbox 782 1652 839 1716; x_wconf 92' lang='lat' dir='ltr'><strong>lib.</strong></span> <span class='ocrx_word' id='word_1_85' title='bbox 865 1652 904 1716; x_wconf 95' lang='lat' dir='ltr'><strong>de</strong></span> <span class='ocrx_word' id='word_1_86' title='bbox 929 1675 984 1736; x_wconf 75' lang='lat' dir='ltr'><strong>or,</strong></span> <span class='ocrx_word' id='word_1_87' title='bbox 1021 1652 1101 1716; x_wconf 90' lang='lat' dir='ltr'><strong>locis</strong></span> <span class='ocrx_word' id='word_1_88' title='bbox 1136 1653 1225 1717; x_wconf 83' lang='lat' dir='ltr'><strong>inve·</strong></span> 
     </span>
     <span class='ocr_line' id='line_1_14' title="bbox 154 1754 1224 1846; baseline 0 -22"><span class='ocrx_word' id='word_1_89' title='bbox 154 1760 266 1824; x_wconf 90' lang='lat' dir='ltr'><strong>niendi</strong></span> <span class='ocrx_word' id='word_1_90' title='bbox 290 1761 446 1846; x_wconf 91' lang='lat' dir='ltr'><strong>expositis</strong></span> <span class='ocrx_word' id='word_1_91' title='bbox 470 1754 781 1844; x_wconf 78' lang='lat' dir='ltr'><strong>(2,39,164sqq.),</strong></span> <span class='ocrx_word' id='word_1_92' title='bbox 807 1760 897 1823; x_wconf 89' lang='lat' dir='ltr'><strong>nulla</strong></span> <span class='ocrx_word' id='word_1_93' title='bbox 914 1760 968 1824; x_wconf 88' lang='lat' dir='ltr'><strong>dat</strong></span> <span class='ocrx_word' id='word_1_94' title='bbox 989 1770 1161 1845; x_wconf 87' lang='lat' dir='ltr'><strong>praecepta</strong></span> <span class='ocrx_word' id='word_1_95' title='bbox 1185 1760 1224 1824; x_wconf 94' lang='lat' dir='ltr'><strong>de</strong></span> 
     </span>
     <span class='ocr_line' id='line_1_15' title="bbox 152 1863 1224 1953; baseline 0.001 -22"><span class='ocrx_word' id='word_1_96' title='bbox 152 1868 194 1932; x_wconf 91' lang='lat' dir='ltr'><strong>iis</strong></span> <span class='ocrx_word' id='word_1_97' title='bbox 219 1868 275 1953; x_wconf 90' lang='lat' dir='ltr'><strong>qui</strong></span> <span class='ocrx_word' id='word_1_98' title='bbox 291 1868 414 1953; x_wconf 91' lang='lat' dir='ltr'><strong>proprii</strong></span> <span class='ocrx_word' id='word_1_99' title='bbox 430 1876 506 1932; x_wconf 92' lang='lat' dir='ltr'><strong>sunt</strong></span> <span class='ocrx_word' id='word_1_100' title='bbox 522 1868 776 1932; x_wconf 87' lang='lat' dir='ltr'><strong>confirmationis</strong></span> <span class='ocrx_word' id='word_1_101' title='bbox 794 1863 848 1950; x_wconf 85' lang='lat' dir='ltr'><strong>(cf.</strong></span> <span class='ocrx_word' id='word_1_102' title='bbox 867 1869 896 1950; x_wconf 87' lang='grc'><strong>2,</strong></span> <span class='ocrx_word' id='word_1_103' title='bbox 914 1868 967 1950; x_wconf 86' lang='grc'><strong>41,</strong></span> <span class='ocrx_word' id='word_1_104' title='bbox 987 1863 1075 1950; x_wconf 78' lang='grc'><strong>177).</strong></span> <span class='ocrx_word' id='word_1_105' title='bbox 1111 1869 1224 1953; x_wconf 90' lang='lat' dir='ltr'><strong>Neque</strong></span> 
     </span>
     <span class='ocr_line' id='line_1_16' title="bbox 152 1970 1222 2060; baseline 0 -21"><span class='ocrx_word' id='word_1_106' title='bbox 152 1978 188 2039; x_wconf 91' lang='lat' dir='ltr'><strong>in</strong></span> <span class='ocrx_word' id='word_1_107' title='bbox 213 1974 353 2060; x_wconf 68' lang='lat' dir='ltr'><strong>Topicis</strong></span> <span class='ocrx_word' id='word_1_108' title='bbox 380 1975 435 2038; x_wconf 91' lang='lat' dir='ltr'><strong>ubi</strong></span> <span class='ocrx_word' id='word_1_109' title='bbox 458 1974 542 2038; x_wconf 91' lang='lat' dir='ltr'><strong>hanc</strong></span> <span class='ocrx_word' id='word_1_110' title='bbox 574 1975 728 2038; x_wconf 89' lang='lat' dir='ltr'><strong>orationis</strong></span> <span class='ocrx_word' id='word_1_111' title='bbox 756 1985 880 2059; x_wconf 90' lang='lat' dir='ltr'><strong>partem</strong></span> <span class='ocrx_word' id='word_1_112' title='bbox 909 1975 1039 2059; x_wconf 85' lang='lat' dir='ltr'><strong>attingit</strong></span> <span class='ocrx_word' id='word_1_113' title='bbox 1066 1970 1133 2059; x_wconf 85' lang='grc'><strong>(26,</strong></span> <span class='ocrx_word' id='word_1_114' title='bbox 1156 1970 1222 2057; x_wconf 87' lang='grc'><strong>98),</strong></span> 
     </span>
     <span class='ocr_line' id='line_1_17' title="bbox 154 2081 1222 2166; baseline 0.001 -21"><span class='ocrx_word' id='word_1_115' title='bbox 154 2082 220 2145; x_wconf 90' lang='lat' dir='ltr'><strong>ullo</strong></span> <span class='ocrx_word' id='word_1_116' title='bbox 244 2082 343 2146; x_wconf 89' lang='lat' dir='ltr'><strong>verbo</strong></span> <span class='ocrx_word' id='word_1_117' title='bbox 369 2081 531 2164; x_wconf 85' lang='lat' dir='ltr'><strong>significat</strong></span> <span class='ocrx_word' id='word_1_118' title='bbox 553 2089 680 2166; x_wconf 90' lang='lat' dir='ltr'><strong>praeter</strong></span> <span class='ocrx_word' id='word_1_119' title='bbox 702 2081 791 2144; x_wconf 88' lang='lat' dir='ltr'><strong>locos</strong></span> <span class='ocrx_word' id='word_1_120' title='bbox 815 2081 1003 2145; x_wconf 87' lang='lat' dir='ltr'><strong>inveniendi</strong></span> <span class='ocrx_word' id='word_1_121' title='bbox 1027 2082 1124 2147; x_wconf 90' lang='lat' dir='ltr'><strong>etiam</strong></span> <span class='ocrx_word' id='word_1_122' title='bbox 1141 2082 1222 2146; x_wconf 92' lang='lat' dir='ltr'><strong>alios</strong></span> 
     </span>
     <span class='ocr_line' id='line_1_18' title="bbox 154 2187 1221 2273; baseline 0 -21"><span class='ocrx_word' id='word_1_123' title='bbox 154 2210 227 2252; x_wconf 90' lang='lat' dir='ltr'><strong>esse</strong></span> <span class='ocrx_word' id='word_1_124' title='bbox 252 2211 331 2272; x_wconf 91' lang='lat' dir='ltr'><strong>quos</strong></span> <span class='ocrx_word' id='word_1_125' title='bbox 355 2188 389 2250; x_wconf 91' lang='lat' dir='ltr'><strong>in</strong></span> <span class='ocrx_word' id='word_1_126' title='bbox 418 2187 599 2272; x_wconf 90' lang='lat' dir='ltr'><strong>praeceptis</strong></span> <span class='ocrx_word' id='word_1_127' title='bbox 623 2188 877 2252; x_wconf 88' lang='lat' dir='ltr'><strong>confirmationis</strong></span> <span class='ocrx_word' id='word_1_128' title='bbox 906 2189 1037 2252; x_wconf 90' lang='lat' dir='ltr'><strong>tractari</strong></span> <span class='ocrx_word' id='word_1_129' title='bbox 1066 2198 1221 2273; x_wconf 90' lang='lat' dir='ltr'><strong>oporteat.</strong></span> 
     </span>
     <span class='ocr_line' id='line_1_19' title="bbox 156 2292 1221 2381; baseline 0.003 -25"><span class='ocrx_word' id='word_1_130' title='bbox 156 2298 189 2356; x_wconf 84' lang='lat' dir='ltr'>A</span> <span class='ocrx_word' id='word_1_131' title='bbox 211 2293 344 2377; x_wconf 87' lang='lat' dir='ltr'><strong>reliquis</strong></span> <span class='ocrx_word' id='word_1_132' title='bbox 368 2293 467 2377; x_wconf 84' lang='lat' dir='ltr'><strong>igitur</strong></span> <span class='ocrx_word' id='word_1_133' title='bbox 489 2293 582 2357; x_wconf 92' lang='lat' dir='ltr'><strong>libris</strong></span> <span class='ocrx_word' id='word_1_134' title='bbox 606 2292 803 2359; x_wconf 89' lang='lat' dir='ltr'><strong>Partitiones</strong></span> <span class='ocrx_word' id='word_1_135' title='bbox 827 2295 873 2358; x_wconf 89' lang='lat' dir='ltr'><strong>ita</strong></span> <span class='ocrx_word' id='word_1_136' title='bbox 897 2295 1082 2381; x_wconf 90' lang='lat' dir='ltr'><strong>discrepant</strong></span> <span class='ocrx_word' id='word_1_137' title='bbox 1112 2305 1146 2359; x_wconf 92' lang='lat' dir='ltr'><strong>ut</strong></span> <span class='ocrx_word' id='word_1_138' title='bbox 1170 2295 1221 2359; x_wconf 92' lang='lat' dir='ltr'><strong>hic</strong></span> 
     </span>
     <span class='ocr_line' id='line_1_20' title="bbox 155 2399 1220 2487; baseline 0.002 -23"><span class='ocrx_word' id='word_1_139' title='bbox 155 2399 261 2464; x_wconf 89' lang='lat' dir='ltr'><strong>solum</strong></span> <span class='ocrx_word' id='word_1_140' title='bbox 285 2409 452 2485; x_wconf 92' lang='lat' dir='ltr'><strong>utrumque</strong></span> <span class='ocrx_word' id='word_1_141' title='bbox 472 2423 573 2484; x_wconf 88' lang='lat' dir='ltr'><strong>genus</strong></span> <span class='ocrx_word' id='word_1_142' title='bbox 593 2401 738 2465; x_wconf 92' lang='lat' dir='ltr'><strong>locorum</strong></span> <span class='ocrx_word' id='word_1_143' title='bbox 759 2403 946 2487; x_wconf 87' lang='lat' dir='ltr'><strong>explicetur.</strong></span> <span class='ocrx_word' id='word_1_144' title='bbox 999 2399 1220 2468; x_wconf 80' lang='lat' dir='ltr'><strong>Confirmandi</strong></span> 
     </span>
     <span class='ocr_line' id='line_1_21' title="bbox 155 2506 1222 2596; baseline 0.005 -26"><span class='ocrx_word' id='word_1_145' title='bbox 155 2507 299 2570; x_wconf 89' lang='lat' dir='ltr'><strong>locorum</strong></span> <span class='ocrx_word' id='word_1_146' title='bbox 325 2506 387 2571; x_wconf 93' lang='lat' dir='ltr'><strong>duo</strong></span> <span class='ocrx_word' id='word_1_147' title='bbox 415 2508 450 2571; x_wconf 91' lang='lat' dir='ltr'><strong>in</strong></span> <span class='ocrx_word' id='word_1_148' title='bbox 474 2508 658 2572; x_wconf 89' lang='lat' dir='ltr'><strong>coniectura</strong></span> <span class='ocrx_word' id='word_1_149' title='bbox 686 2531 812 2592; x_wconf 87' lang='lat' dir='ltr'><strong>genera,</strong></span> <span class='ocrx_word' id='word_1_150' title='bbox 843 2510 912 2574; x_wconf 84' lang='lat' dir='ltr'><strong>veri</strong></span> <span class='ocrx_word' id='word_1_151' title='bbox 942 2511 1061 2574; x_wconf 88' lang='lat' dir='ltr'><strong>similia</strong></span> <span class='ocrx_word' id='word_1_152' title='bbox 1090 2521 1122 2574; x_wconf 90' lang='lat' dir='ltr'><strong>et</strong></span> <span class='ocrx_word' id='word_1_153' title='bbox 1150 2533 1222 2596; x_wconf 93' lang='lat' dir='ltr'><strong>pro-</strong></span> 
     </span>
     <span class='ocr_line' id='line_1_22' title="bbox 155 2610 1220 2702; baseline 0.006 -26"><span class='ocrx_word' id='word_1_154' title='bbox 155 2614 245 2699; x_wconf 89' lang='lat' dir='ltr'><strong>priae</strong></span> <span class='ocrx_word' id='word_1_155' title='bbox 268 2637 376 2678; x_wconf 90' lang='lat' dir='ltr'><strong>rerum</strong></span> <span class='ocrx_word' id='word_1_156' title='bbox 399 2624 493 2678; x_wconf 89' lang='lat' dir='ltr'><strong>notae</strong></span> <span class='ocrx_word' id='word_1_157' title='bbox 517 2610 653 2699; x_wconf 89' lang='lat'>(10,34),</span> <span class='ocrx_word' id='word_1_158' title='bbox 680 2616 779 2680; x_wconf 92' lang='lat' dir='ltr'><strong>simili</strong></span> <span class='ocrx_word' id='word_1_159' title='bbox 801 2617 935 2699; x_wconf 89' lang='lat' dir='ltr'><strong>ratione,</strong></span> <span class='ocrx_word' id='word_1_160' title='bbox 961 2640 1025 2702; x_wconf 90' lang='lat' dir='ltr'><strong>qua</strong></span> <span class='ocrx_word' id='word_1_161' title='bbox 1040 2619 1075 2682; x_wconf 91' lang='lat' dir='ltr'><strong>in</strong></span> <span class='ocrx_word' id='word_1_162' title='bbox 1098 2619 1155 2682; x_wconf 92' lang='lat' dir='ltr'><strong>lib.</strong></span> <span class='ocrx_word' id='word_1_163' title='bbox 1182 2618 1220 2682; x_wconf 90' lang='lat' dir='ltr'><strong>de</strong></span> 
     </span>
     <span class='ocr_line' id='line_1_23' title="bbox 150 2717 1219 2809; baseline 0.005 -25"><span class='ocrx_word' id='word_1_164' title='bbox 150 2723 220 2785; x_wconf 86' lang='lat' dir='ltr'><strong>inv.</strong></span> <span class='ocrx_word' id='word_1_165' title='bbox 239 2717 283 2805; x_wconf 93' lang='grc'><strong>(1,</strong></span> <span class='ocrx_word' id='word_1_166' title='bbox 303 2722 354 2804; x_wconf 90' lang='grc'><strong>29,</strong></span> <span class='ocrx_word' id='word_1_167' title='bbox 372 2717 430 2804; x_wconf 89' lang='grc'><strong>44)</strong></span> <span class='ocrx_word' id='word_1_168' title='bbox 450 2723 744 2806; x_wconf 84' lang='lat' dir='ltr'><strong>argumentationes</strong></span> <span class='ocrx_word' id='word_1_169' title='bbox 768 2724 952 2788; x_wconf 89' lang='lat' dir='ltr'><strong>necessaria</strong></span> <span class='ocrx_word' id='word_1_170' title='bbox 976 2734 1008 2788; x_wconf 91' lang='lat' dir='ltr'><strong>et</strong></span> <span class='ocrx_word' id='word_1_171' title='bbox 1031 2725 1219 2809; x_wconf 65' lang='lat' dir='ltr'><strong>probabilia</strong></span> 
     </span>
     <span class='ocr_line' id='line_1_24' title="bbox 152 2828 1220 2917; baseline 0.004 -26"><span class='ocrx_word' id='word_1_172' title='bbox 152 2829 389 2893; x_wconf 87' lang='lat' dir='ltr'><strong>discernuntur.</strong></span> <span class='ocrx_word' id='word_1_173' title='bbox 435 2828 674 2894; x_wconf 88' lang='lat' dir='ltr'><strong>Enumerantur</strong></span> <span class='ocrx_word' id='word_1_174' title='bbox 703 2830 854 2917; x_wconf 87' lang='lat' dir='ltr'><strong>deinceps</strong></span> <span class='ocrx_word' id='word_1_175' title='bbox 882 2832 946 2895; x_wconf 87' lang='lat' dir='ltr'><strong>loci</strong></span> <span class='ocrx_word' id='word_1_176' title='bbox 973 2831 1058 2895; x_wconf 88' lang='lat' dir='ltr'><strong>unde</strong></span> <span class='ocrx_word' id='word_1_177' title='bbox 1086 2833 1156 2894; x_wconf 89' lang='lat' dir='ltr'><strong>veri</strong></span> <span class='ocrx_word' id='word_1_178' title='bbox 1180 2833 1220 2897; x_wconf 94' lang='lat' dir='ltr'><strong>si-</strong></span> 
     </span>
     <span class='ocr_line' id='line_1_25' title="bbox 152 2935 1219 3024; baseline 0.003 -25"><span class='ocrx_word' id='word_1_179' title='bbox 152 2936 243 3000; x_wconf 88' lang='lat' dir='ltr'><strong>milia</strong></span> <span class='ocrx_word' id='word_1_180' title='bbox 267 2935 435 3020; x_wconf 86' lang='lat' dir='ltr'><strong>ducuntur,</strong></span> <span class='ocrx_word' id='word_1_181' title='bbox 460 2937 581 3022; x_wconf 92' lang='lat' dir='ltr'><strong>quoin</strong></span> <span class='ocrx_word' id='word_1_182' title='bbox 604 2961 737 3002; x_wconf 89' lang='lat' dir='ltr'><strong>numero</strong></span> <span class='ocrx_word' id='word_1_183' title='bbox 762 2949 838 3002; x_wconf 92' lang='lat' dir='ltr'><strong>sunt</strong></span> <span class='ocrx_word' id='word_1_184' title='bbox 853 2960 1018 3024; x_wconf 85' lang='lat' dir='ltr'><strong>personae,</strong></span> <span class='ocrx_word' id='word_1_185' title='bbox 1045 2938 1116 3020; x_wconf 89' lang='lat' dir='ltr'><strong>loci,</strong></span> <span class='ocrx_word' id='word_1_186' title='bbox 1141 2948 1219 3002; x_wconf 89' lang='lat' dir='ltr'><strong>tem·</strong></span> 
     </span>
     <span class='ocr_line' id='line_1_26' title="bbox 150 3034 1218 3129; baseline 0.004 -23"><span class='ocrx_word' id='word_1_187' title='bbox 150 3034 240 3128; x_wconf 88' lang='lat' dir='ltr'><strong>pora,</strong></span> <span class='ocrx_word' id='word_1_188' title='bbox 264 3042 358 3126; x_wconf 87' lang='lat' dir='ltr'><strong>facta,</strong></span> <span class='ocrx_word' id='word_1_189' title='bbox 377 3053 521 3126; x_wconf 87' lang='lat' dir='ltr'><strong>eventus,</strong></span> <span class='ocrx_word' id='word_1_190' title='bbox 539 3053 673 3108; x_wconf 87' lang='lat' dir='ltr'><strong>naturae</strong></span> <span class='ocrx_word' id='word_1_191' title='bbox 689 3067 796 3108; x_wconf 89' lang='lat' dir='ltr'><strong>rerum</strong></span> <span class='ocrx_word' id='word_1_192' title='bbox 812 3055 844 3109; x_wconf 89' lang='lat' dir='ltr'><strong>et</strong></span> <span class='ocrx_word' id='word_1_193' title='bbox 859 3045 1061 3128; x_wconf 85' lang='lat' dir='ltr'><strong>negotiorum</strong></span> <span class='ocrx_word' id='word_1_194' title='bbox 1078 3040 1143 3129; x_wconf 83' lang='lat'>(10,</span> <span class='ocrx_word' id='word_1_195' title='bbox 1154 3041 1218 3129; x_wconf 84' lang='lat'><strong>34).</strong></span> 
     </span>
     <span class='ocr_line' id='line_1_27' title="bbox 151 3149 1218 3236; baseline 0.004 -22"><span class='ocrx_word' id='word_1_196' title='bbox 151 3149 353 3235; x_wconf 82' lang='lat' dir='ltr'><strong>Adiungitur</strong></span> <span class='ocrx_word' id='word_1_197' title='bbox 387 3151 486 3214; x_wconf 89' lang='lat' dir='ltr'><strong>etiam</strong></span> <span class='ocrx_word' id='word_1_198' title='bbox 520 3151 609 3215; x_wconf 89' lang='lat' dir='ltr'><strong>aliud</strong></span> <span class='ocrx_word' id='word_1_199' title='bbox 644 3174 745 3235; x_wconf 84' lang='lat' dir='ltr'><strong>genus</strong></span> <span class='ocrx_word' id='word_1_200' title='bbox 781 3161 1043 3236; x_wconf 85' lang='lat' dir='ltr'><strong>argumentorum</strong></span> <span class='ocrx_word' id='word_1_201' title='bbox 1079 3174 1119 3216; x_wconf 89' lang='lat' dir='ltr'><strong>ex</strong></span> <span class='ocrx_word' id='word_1_202' title='bbox 1141 3153 1218 3218; x_wconf 89' lang='lat' dir='ltr'><strong>facti</strong></span> 
     </span>
     <span class='ocr_line' id='line_1_28' title="bbox 152 3253 1216 3344; baseline 0.003 -23"><span class='ocrx_word' id='word_1_203' title='bbox 152 3258 298 3342; x_wconf 85' lang='lat' dir='ltr'><strong>vestigiis</strong></span> <span class='ocrx_word' id='word_1_204' title='bbox 327 3269 489 3343; x_wconf 89' lang='lat' dir='ltr'><strong>sumptum</strong></span> <span class='ocrx_word' id='word_1_205' title='bbox 513 3254 580 3341; x_wconf 92' lang='grc'><strong>(11,</strong></span> <span class='ocrx_word' id='word_1_206' title='bbox 600 3253 665 3340; x_wconf 88' lang='grc'><strong>39).</strong></span> <span class='ocrx_word' id='word_1_207' title='bbox 713 3261 759 3322; x_wconf 85' lang='lat' dir='ltr'><strong>At</strong></span> <span class='ocrx_word' id='word_1_208' title='bbox 786 3259 821 3322; x_wconf 89' lang='lat' dir='ltr'><strong>in</strong></span> <span class='ocrx_word' id='word_1_209' title='bbox 849 3259 906 3323; x_wconf 91' lang='lat' dir='ltr'><strong>lib.</strong></span> <span class='ocrx_word' id='word_1_210' title='bbox 936 3259 975 3323; x_wconf 89' lang='lat' dir='ltr'><strong>de</strong></span> <span class='ocrx_word' id='word_1_211' title='bbox 1003 3260 1069 3324; x_wconf 85' lang='lat' dir='ltr'><strong>inv.</strong></span> <span class='ocrx_word' id='word_1_212' title='bbox 1099 3261 1216 3344; x_wconf 88' lang='lat' dir='ltr'><strong>omnia,</strong></span> 
     </span>
     <span class='ocr_line' id='line_1_29' title="bbox 149 3364 1217 3451; baseline 0.004 -23"><span class='ocrx_word' id='word_1_213' title='bbox 149 3387 234 3449; x_wconf 88' lang='lat' dir='ltr'><strong>quae</strong></span> <span class='ocrx_word' id='word_1_214' title='bbox 259 3364 298 3428; x_wconf 87' lang='lat' dir='ltr'><strong>ad</strong></span> <span class='ocrx_word' id='word_1_215' title='bbox 324 3365 577 3429; x_wconf 90' lang='lat' dir='ltr'><strong>confirmationis</strong></span> <span class='ocrx_word' id='word_1_216' title='bbox 606 3365 694 3429; x_wconf 89' lang='lat' dir='ltr'><strong>locos</strong></span> <span class='ocrx_word' id='word_1_217' title='bbox 724 3367 898 3450; x_wconf 87' lang='lat' dir='ltr'><strong>pertinent,</strong></span> <span class='ocrx_word' id='word_1_218' title='bbox 928 3368 1075 3451; x_wconf 90' lang='lat' dir='ltr'><strong>personis</strong></span> <span class='ocrx_word' id='word_1_219' title='bbox 1105 3381 1136 3432; x_wconf 91' lang='lat' dir='ltr'><strong>et</strong></span> <span class='ocrx_word' id='word_1_220' title='bbox 1163 3391 1217 3432; x_wconf 92' lang='lat' dir='ltr'><strong>ne·</strong></span> 
     </span>
     <span class='ocr_line' id='line_1_30' title="bbox 150 3468 1218 3555; baseline 0.001 -20"><span class='ocrx_word' id='word_1_221' title='bbox 150 3472 249 3554; x_wconf 78' lang='lat' dir='ltr'><strong>gotiis</strong></span> <span class='ocrx_word' id='word_1_222' title='bbox 285 3471 502 3535; x_wconf 90' lang='lat' dir='ltr'><strong>attribuuntur</strong></span> <span class='ocrx_word' id='word_1_223' title='bbox 536 3468 580 3555; x_wconf 88' lang='lat'><strong>(1,</strong></span> <span class='ocrx_word' id='word_1_224' title='bbox 604 3472 656 3554; x_wconf 87' lang='grc'><strong>24,</strong></span> <span class='ocrx_word' id='word_1_225' title='bbox 680 3468 746 3553; x_wconf 83' lang='grc'><strong>34).</strong></span> <span class='ocrx_word' id='word_1_226' title='bbox 797 3472 921 3537; x_wconf 88' lang='lat' dir='ltr'><strong>Primus</strong></span> <span class='ocrx_word' id='word_1_227' title='bbox 958 3483 1065 3537; x_wconf 87' lang='lat' dir='ltr'><strong>autem</strong></span> <span class='ocrx_word' id='word_1_228' title='bbox 1100 3485 1149 3538; x_wconf 92' lang='lat' dir='ltr'><strong>est</strong></span> <span class='ocrx_word' id='word_1_229' title='bbox 1183 3475 1218 3537; x_wconf 86' lang='lat' dir='ltr'><strong>in</strong></span> 
     </span>
     <span class='ocr_line' id='line_1_31' title="bbox 150 3578 1217 3664; baseline 0 -21"><span class='ocrx_word' id='word_1_230' title='bbox 150 3579 385 3643; x_wconf 89' lang='lat' dir='ltr'><strong>Partitionibus</strong></span> <span class='ocrx_word' id='word_1_231' title='bbox 408 3578 498 3642; x_wconf 95' lang='lat' dir='ltr'><strong>locus</strong></span> <span class='ocrx_word' id='word_1_232' title='bbox 521 3600 677 3663; x_wconf 89' lang='lat' dir='ltr'><strong>personae</strong></span> <span class='ocrx_word' id='word_1_233' title='bbox 701 3601 806 3664; x_wconf 86' lang='lat' dir='ltr'><strong>neque</strong></span> <span class='ocrx_word' id='word_1_234' title='bbox 830 3581 870 3644; x_wconf 91' lang='lat' dir='ltr'><strong>ab</strong></span> <span class='ocrx_word' id='word_1_235' title='bbox 900 3590 1042 3643; x_wconf 89' lang='lat' dir='ltr'><strong>extremo</strong></span> <span class='ocrx_word' id='word_1_236' title='bbox 1067 3581 1136 3644; x_wconf 89' lang='lat' dir='ltr'><strong>loco</strong></span> <span class='ocrx_word' id='word_1_237' title='bbox 1161 3603 1217 3643; x_wconf 92' lang='lat' dir='ltr'><strong>no-</strong></span> 
     </span>
     <span class='ocr_line' id='line_1_32' title="bbox 151 3685 1215 3770; baseline 0.001 -20"><span class='ocrx_word' id='word_1_238' title='bbox 151 3687 239 3750; x_wconf 92' lang='lat' dir='ltr'><strong>mine</strong></span> <span class='ocrx_word' id='word_1_239' title='bbox 262 3685 392 3768; x_wconf 86' lang='lat' dir='ltr'><strong>negotia</strong></span> <span class='ocrx_word' id='word_1_240' title='bbox 415 3685 575 3767; x_wconf 86' lang='lat' dir='ltr'><strong>differunt,</strong></span> <span class='ocrx_word' id='word_1_241' title='bbox 601 3707 795 3770; x_wconf 88' lang='lat' dir='ltr'><strong>quamquam</strong></span> <span class='ocrx_word' id='word_1_242' title='bbox 819 3686 919 3750; x_wconf 92' lang='lat' dir='ltr'><strong>multo</strong></span> <span class='ocrx_word' id='word_1_243' title='bbox 944 3687 1040 3750; x_wconf 91' lang='lat' dir='ltr'><strong>latius</strong></span> <span class='ocrx_word' id='word_1_244' title='bbox 1057 3686 1110 3749; x_wconf 92' lang='lat' dir='ltr'><strong>hic</strong></span> <span class='ocrx_word' id='word_1_245' title='bbox 1125 3686 1215 3751; x_wconf 88' lang='lat' dir='ltr'><strong>locus</strong></span> 
     </span>
     <span class='ocr_line' id='line_1_33' title="bbox 150 3790 1216 3877; baseline 0.002 -20"><span class='ocrx_word' id='word_1_246' title='bbox 150 3795 184 3857; x_wconf 90' lang='lat' dir='ltr'><strong>in</strong></span> <span class='ocrx_word' id='word_1_247' title='bbox 208 3793 264 3856; x_wconf 91' lang='lat' dir='ltr'><strong>lib.</strong></span> <span class='ocrx_word' id='word_1_248' title='bbox 291 3792 330 3855; x_wconf 92' lang='lat' dir='ltr'><strong>de</strong></span> <span class='ocrx_word' id='word_1_249' title='bbox 353 3790 419 3855; x_wconf 80' lang='lat' dir='ltr'><strong>inv.</strong></span> <span class='ocrx_word' id='word_1_250' title='bbox 443 3802 532 3876; x_wconf 87' lang='lat' dir='ltr'><strong>patet</strong></span> <span class='ocrx_word' id='word_1_251' title='bbox 555 3803 587 3856; x_wconf 90' lang='lat' dir='ltr'><strong>et</strong></span> <span class='ocrx_word' id='word_1_252' title='bbox 611 3815 683 3856; x_wconf 90' lang='lat' dir='ltr'><strong>cum</strong></span> <span class='ocrx_word' id='word_1_253' title='bbox 706 3793 778 3857; x_wconf 89' lang='lat' dir='ltr'><strong>aliis</strong></span> <span class='ocrx_word' id='word_1_254' title='bbox 804 3794 1020 3877; x_wconf 89' lang='lat' dir='ltr'><strong>compluribus</strong></span> <span class='ocrx_word' id='word_1_255' title='bbox 1049 3792 1156 3856; x_wconf 89' lang='lat' dir='ltr'><strong>locum</strong></span> <span class='ocrx_word' id='word_1_256' title='bbox 1184 3806 1216 3859; x_wconf 92' lang='lat' dir='ltr'><strong>et</strong></span> 
     </span>
     <span class='ocr_line' id='line_1_34' title="bbox 149 3899 1215 3986; baseline 0.003 -23"><span class='ocrx_word' id='word_1_257' title='bbox 149 3912 277 3986; x_wconf 86' lang='lat' dir='ltr'><strong>tempus</strong></span> <span class='ocrx_word' id='word_1_258' title='bbox 301 3908 333 3962; x_wconf 92' lang='lat' dir='ltr'><strong>et</strong></span> <span class='ocrx_word' id='word_1_259' title='bbox 356 3908 514 3981; x_wconf 87' lang='lat' dir='ltr'><strong>eventum,</strong></span> <span class='ocrx_word' id='word_1_260' title='bbox 549 3900 603 3983; x_wconf 93' lang='lat' dir='ltr'><strong>qui</strong></span> <span class='ocrx_word' id='word_1_261' title='bbox 637 3909 712 3963; x_wconf 91' lang='lat' dir='ltr'><strong>sunt</strong></span> <span class='ocrx_word' id='word_1_262' title='bbox 747 3899 786 3963; x_wconf 88' lang='lat' dir='ltr'><strong>de</strong></span> <span class='ocrx_word' id='word_1_263' title='bbox 820 3900 900 3964; x_wconf 88' lang='lat' dir='ltr'><strong>locis</strong></span> <span class='ocrx_word' id='word_1_264' title='bbox 924 3899 1138 3964; x_wconf 88' lang='lat' dir='ltr'><strong>Partitionum</strong></span> <span class='ocrx_word' id='word_1_265' title='bbox 1168 3926 1215 3966; x_wconf 89' lang='lat' dir='ltr'><strong>se-</strong></span> 
     </span>
    </p>
   </div>
   <div class='ocr_carea' id='block_1_5' title="bbox 151 4006 1214 4165">
    <p class='ocr_par' dir='ltr' id='par_1_5' title="bbox 151 4006 1214 4165">
     <span class='ocr_line' id='line_1_35' title="bbox 151 4006 1214 4091; baseline 0.003 -20"><span class='ocrx_word' id='word_1_266' title='bbox 151 4007 284 4089; x_wconf 88' lang='lat' dir='ltr'><strong>cundus,</strong></span> <span class='ocrx_word' id='word_1_267' title='bbox 310 4006 433 4089; x_wconf 88' lang='lat' dir='ltr'><strong>tertius,</strong></span> <span class='ocrx_word' id='word_1_268' title='bbox 460 4007 600 4091; x_wconf 90' lang='lat' dir='ltr'><strong>quintus,</strong></span> <span class='ocrx_word' id='word_1_269' title='bbox 627 4006 858 4091; x_wconf 88' lang='lat' dir='ltr'><strong>complectitur.</strong></span> <span class='ocrx_word' id='word_1_270' title='bbox 906 4007 1043 4072; x_wconf 89' lang='lat' dir='ltr'><strong>Restant</strong></span> <span class='ocrx_word' id='word_1_271' title='bbox 1071 4031 1111 4073; x_wconf 92' lang='lat' dir='ltr'><strong>ex</strong></span> <span class='ocrx_word' id='word_1_272' title='bbox 1134 4009 1214 4075; x_wconf 92' lang='lat' dir='ltr'><strong>locis</strong></span> 
     </span>
     <span class='ocr_line' id='line_1_36' title="bbox 205 4111 1053 4165; baseline 0.004 -3"><span class='ocrx_word' id='word_1_273' title='bbox 205 4112 234 4152; x_wconf 82' lang='lat' dir='ltr'><strong>M.</strong></span> <span class='ocrx_word' id='word_1_274' title='bbox 1037 4111 1053 4165; x_wconf 88' lang='lat'><strong>3</strong></span> 
     </span>
    </p>
   </div>
   <div class='ocr_carea' id='block_1_6' title="bbox 0 0 1378 4560">
    <p class='ocr_par' dir='ltr' id='par_1_6' title="bbox 0 0 1378 4560">
     <span class='ocr_line' id='line_1_37' title="bbox 0 0 1378 4560; baseline 0 2"><span class='ocrx_word' id='word_1_275' title='bbox 0 0 1378 4560; x_wconf 95' lang='lat' dir='ltr'><strong> </strong></span> 
     </span>
    </p>
   </div>
  </div>
 </body>
</html>
