2746 4560
662 176 704 240 47

150 356 275 422 Graeco
300 356 411 438 allato,
448 376 549 439 genus
577 353 741 416 infinitum
769 354 970 438 propositum
1000 375 1035 417 se
1064 351 1143 416 dicit
1166 373 1219 418 vo·

151 487 222 528 care
246 461 313 547 (18,
339 459 406 545 61).
454 459 542 541 Quin
568 461 675 543 etiam,
701 482 895 545 quamquam
911 461 1050 546 primum
1066 458 1109 523 ad
1125 482 1219 544 quae·

151 572 272 636 stiones
296 572 441 634 infinitas
471 567 688 652 designandas
718 568 962 633 consultationis
992 569 1122 631 nomine
1151 567 1218 631 solo

152 680 250 743 utitur
273 674 317 762 (1,
336 673 381 760 4),
405 677 600 762 paulopost,
625 677 681 740 ubi
706 674 745 739 de
770 675 883 740 eodem
906 699 1023 759 genere
1047 677 1122 761 agit,
1148 698 1219 760 pro-

151 786 248 872 positi
272 808 391 849 nomen
415 807 480 847 non
505 771 598 847 aliter
621 782 746 846 inducit
774 805 811 846 ac
840 782 867 847 si
892 782 1102 868 explicaverit
1125 793 1221 847 antea

150 891 195 976 (3,
214 889 258 973 9).
306 888 402 970 Quod
426 889 557 975 quidem
580 890 613 953 in
637 889 871 953 Partitionibus
895 912 958 953 non
983 889 1113 954 fecerat.
1152 888 1220 954 Ubi

151 1015 259 1064 autem
282 1000 422 1085 primum
445 998 506 1062 hoc
529 1020 647 1061 nomen
671 997 718 1061 ita
740 998 888 1082 posuisse
912 997 1088 1080 videretur,
1123 998 1219 1061 modo

152 1106 417 1191 significavimus.

243 1211 307 1278 Sed
332 1214 484 1298 quoniam
509 1212 547 1276 de
565 1213 691 1296 generis
708 1212 827 1276 infiniti
845 1222 876 1274 et
891 1213 1023 1275 notione
1040 1221 1071 1275 et
1090 1212 1221 1275 nomine

154 1321 304 1403 diximus,
329 1314 524 1384 veniendum
548 1329 597 1384 est
618 1320 660 1383 ad
676 1320 892 1405 partitionem,
919 1320 1009 1383 cuius
1034 1329 1108 1384 sunt
1131 1340 1220 1403 prae-

154 1440 247 1513 cepta
269 1429 304 1491 in
326 1427 570 1510 PartitionibuS,
596 1427 631 1491 in
653 1427 710 1492 lib.
729 1426 768 1490 de
785 1449 840 1508 or,
866 1427 901 1490 in
918 1426 1059 1512 Topicis.
1093 1424 1221 1505 Quibus

153 1534 187 1597 in
221 1535 313 1599 libris
348 1534 500 1599 omnibus
540 1534 601 1598 duo
635 1505 793 1619 propositi
831 1555 950 1618 genera
985 1533 1219 1615 discernuntur,

152 1641 288 1705 alterum
313 1642 518 1725 cognitionis,
548 1641 685 1705 alterum
713 1641 850 1705 actionis
874 1637 918 1725 (p.
941 1664 985 1705 or.
1010 1641 1060 1722 18,
1087 1643 1144 1722 613
1182 1641 1221 1704 de

152 1772 197 1814 or.
223 1751 252 1832 3,
279 1750 330 1831 29,
359 1751 420 1813 111
439 1771 525 1834 sqq.3
551 1760 615 1834 top.
641 1749 693 1832 21,
719 1744 785 1830 81),
811 1749 964 1834 priusque
989 1771 1027 1812 ex
1052 1748 1102 1812 his
1127 1770 1221 1831 genc-

151 1857 242 1921 ribus
267 1856 455 1942 dispertitur
477 1857 512 1920 in
536 1857 754 1920 coniecturam
779 1869 810 1920 et
833 1857 866 1920 in
888 1856 1109 1920 definitionem
1133 1867 1164 1920 et
1187 1857 1221 1919 in

151 1965 187 2029 id
210 1986 311 2048 genus
335 1964 370 2027 in
394 1986 457 2048 quo
482 1964 576 2048 quale
600 1965 643 2028 sit
667 1965 839 2048 quaeritur.
888 1960 1101 2027 Coniecturae
1124 1964 1222 2047 igitur

153 2072 273 2157 duplex
296 2072 330 2134 in
353 2071 589 2136 Partitionibus
619 2071 779 2135 tractandi
810 2072 893 2135 ratio
921 2071 1122 2155 adsignatur,
1159 2094 1222 2156 qua

154 2189 210 2242 aut
233 2178 379 2262 possitne
403 2178 526 2261 aliquid
550 2179 621 2241 fieri
643 2186 699 2241 aut
722 2177 1024 2262 quemadmodum
1046 2180 1103 2242 fiat
1127 2201 1221 2263 quae·

153 2284 245 2347 ritur.
292 2284 331 2346 In
354 2283 411 2348 lib.
437 2294 543 2347 autem
575 2284 683 2350 deor.
713 2296 745 2348 et
771 2285 806 2349 in
830 2285 960 2370 Topicis
989 2286 1223 2351 consideranda

155 2390 190 2453 in
213 2388 275 2454 hoc
298 2412 415 2472 genere
439 2390 601 2474 dicuntur,
631 2393 770 2477 primum
798 2393 875 2477 quid
899 2394 941 2457 sit
964 2388 1018 2475 (de
1042 2416 1086 2458 or.
1113 2396 1142 2477 3,
1168 2395 1220 2476 29,

157 2491 236 2578 114)
260 2495 312 2561 vel
340 2497 424 2561 sitne
451 2493 530 2582 (top.
552 2500 603 2582 21,
629 2494 687 2581 82)
722 2535 764 2543 -
799 2522 881 2585 quae
911 2499 973 2565 duo
1000 2499 1088 2564 idem
1115 2501 1222 2564 valere

154 2616 288 2689 apparet
312 2627 352 2668 ex
376 2605 416 2669 iis
441 2605 557 2690 quibus
581 2606 795 2672 inlustrantur
822 2609 980 2693 exemplis
1017 2643 1068 2690 -,
1106 2607 1222 2672 deinde

153 2711 239 2775 unde
264 2721 369 2775 ortum
393 2713 444 2796 sit,
469 2723 539 2777 tum
562 2737 644 2800 quae
668 2737 766 2781 causa
789 2717 940 2799 effecerit,
965 2727 1128 2802 postremo
1149 2739 1221 2802 pos·
1286 2757 1293 2776 ·.

154 2819 237 2883 sitne
261 2819 422 2884 immutari
448 2830 544 2906 atque
567 2823 602 2885 in
625 2823 713 2887 aliud
738 2825 890 2889 converti.
939 2821 1005 2888 Sed
1032 2824 1077 2887 ita
1105 2823 1222 2886 iisdem

154 2926 262 2992 verbis
287 2925 498 3011 designantur
520 2939 552 2993 et
567 2938 635 2993 tota
652 2930 836 2995 coniectura
852 2941 884 2994 et
898 2930 1003 3015 prima
1019 2929 1222 2994 coniecturae

153 3050 249 3118 pars·
283 3034 491 3101 Artificiosae
510 3037 608 3101 etiam
624 3037 819 3122 inutilesque
844 3037 1048 3122 quaestiones
1073 3036 1223 3106 videntur

153 3141 255 3226 partis
279 3150 451 3226 extremae,
477 3152 511 3206 ut
535 3165 633 3208 causa
655 3165 721 3208 non
743 3144 842 3208 lateat
858 3165 915 3208 cur
931 3167 971 3208 ex
991 3152 1127 3228 quatuor
1150 3168 1222 3230 parv

154 3247 242 3311 tibus
270 3248 374 3331 prima
408 3259 441 3313 et
470 3260 584 3334 quarta
607 3251 641 3314 in
664 3250 898 3316 Partitionibus
923 3275 989 3315 non
1011 3253 1220 3317 retineantur.

153 3353 311 3438 Reliquae
345 3364 454 3420 autem
489 3357 570 3421 duae
605 3359 665 3423 etsi
700 3381 765 3422 non
799 3361 944 3444 integrae
979 3371 1220 3442 conservantur,

155 3471 263 3524 tamen
286 3461 327 3525 ab
351 3462 420 3525 eius
444 3463 532 3527 modi
549 3465 705 3550 exemplis
726 3466 843 3550 quibus
867 3467 900 3530 iu
918 3466 1048 3552 Topicis
1065 3488 1221 3530 exornan-

154 3577 207 3632 tur
230 3588 372 3651 eaquae
396 3570 528 3632 suntin
551 3569 784 3637 Partitionibus
814 3595 933 3656 genera
960 3596 1026 3637 non
1048 3574 1143 3657 longe
1167 3572 1221 3636 ab·

156 3686 240 3740 sunt.
286 3672 332 3738 Ut
355 3675 441 3738 enim
476 3676 510 3738 in
537 3676 603 3741 illis
633 3687 748 3741 natura
776 3685 818 3742 an
841 3678 988 3743 doctrina
1012 3679 1095 3743 effici
1119 3680 1222 3765 possit

156 3782 258 3850 virtus
286 3792 319 3845 et
345 3782 462 3866 quibus
489 3783 586 3847 rebus
614 3783 771 3848 efficiatur
799 3785 995 3870 eloquentia,
1032 3786 1079 3850 sic
1106 3788 1141 3850 in
1169 3787 1220 3852 his

156 3890 320 3974 quaeritur
343 3890 492 3955 universe
515 3889 661 3975 possitne
685 3890 808 3975 aliquid
829 3893 901 3956 fieri
924 3903 956 3957 et
979 3915 1074 3978 quem
1098 3893 1140 3958 ad
1155 3918 1220 3958 mo·

157 3997 232 4061 dum
260 3997 401 4082 quidque
428 3999 495 4062 fiat.
541 3998 651 4082 Atque
679 3997 776 4062 etiam
804 3998 1023 4066 definitionem
1049 3998 1162 4066 Cicero
1186 4001 1221 4066 in
