2746 4560
709 224 753 287 60

199 399 238 464 ad
263 398 423 483 agendum
447 398 659 485 impellamur.
708 397 744 465 Si
768 401 854 464 enim
877 400 1033 467 utilitates
1057 410 1168 466 tantae
1192 423 1266 466 esse

196 517 331 592 possunt
355 517 390 569 ut
412 517 498 570 recte
515 507 672 571 ducantur
687 507 899 590 necessariae,
925 508 1005 573 tales
1029 531 1101 572 cum
1117 507 1267 572 incident

196 613 490 699 spectabunturque
519 624 638 678 certam
668 614 766 678 officii
795 614 957 698 deligendi
985 616 1143 681 rationem
1172 637 1266 700 prae·

196 722 331 803 bebunt3
358 743 454 806 quam
477 722 510 784 in
535 723 590 786 lib.
616 721 655 785 de
679 723 732 787 off.
750 745 790 787 ne
810 723 845 786 in
866 724 1105 808 comparatione
1129 723 1266 808 quidem

195 827 323 891 utilium
345 825 389 912 (2,
407 829 459 911 25,
478 825 534 910 88)
559 829 750 914 explicatam
768 851 839 894 esse
856 829 1096 913 admiraremur,
1123 831 1151 894 si
1168 840 1267 895 antea

196 935 287 1000 brevi
323 957 385 1021 quo
421 945 567 1000 statuunt
602 937 772 1001 intervallo
798 933 912 1001 Cicero
948 960 1019 1001 eam
1055 938 1266 1023 partitionem

195 1043 353 1106 bonorum
377 1065 458 1127 quae
486 1054 536 1107 est
563 1044 595 1107 in
620 1042 853 1108 Partitionibus
882 1045 1071 1130 exposuisse
1099 1044 1265 1129 putandus

196 1162 291 1214 esset.
338 1150 378 1213 In
402 1151 442 1214 iis
466 1173 568 1236 porro.
585 1172 666 1236 quae
689 1152 875 1216 necessaria
902 1175 967 1216 non
997 1162 1072 1216 sunt
1096 1151 1264 1235 discernit,

196 1267 230 1321 ut
254 1259 352 1321 etiam
376 1258 408 1320 in
433 1257 488 1322 lib.
516 1257 555 1321 de
579 1259 644 1321 inv.
669 1259 702 1322 in
730 1281 838 1323 rerum
866 1258 1118 1344 expetendarum
1147 1269 1266 1324 tracta·

196 1365 283 1428 tione
308 1364 352 1447 (2,
371 1365 422 1448 52,
443 1367 504 1430 157
524 1363 619 1450 sqq),
645 1387 727 1451 quae
751 1365 919 1431 honestate
936 1367 1007 1452 ipsa
1023 1376 1055 1430 et
1078 1389 1161 1451 quae
1178 1389 1266 1430 com·

197 1472 350 1535 moditate
367 1473 476 1556 aliqua
492 1474 559 1537 sive
576 1474 715 1559 simplici
733 1474 801 1538 sive
818 1474 990 1538 coniuncta
1006 1497 1077 1538 cum
1092 1474 1265 1538 honestate

196 1587 397 1662 expetuntur.
444 1580 634 1643 Amicitiam
663 1582 830 1645 autem-in
855 1578 1088 1646 Partitionibus
1118 1576 1187 1664 (25,
1206 1576 1265 1663 88)

195 1708 259 1749 non
283 1685 324 1748 ad
347 1685 549 1751 honestatem
573 1697 605 1751 et
629 1689 800 1752 utilitatem
820 1684 874 1770 (de
890 1689 956 1752 inv.
975 1689 1004 1771 2,
1023 1690 1075 1770 55,
1095 1689 1159 1754 136
1177 1684 1265 1774 sqq.)

195 1792 253 1857 sed
268 1793 309 1856 ad
327 1793 426 1858 solam
443 1794 541 1858 refert
556 1794 768 1860 honestatem.
801 1792 948 1880 Cumque
963 1796 998 1859 in
1014 1795 1126 1860 Laelio
1143 1792 1189 1878 (8,
1205 1790 1264 1878 27)

197 1900 373 1965 amicitiam
403 1926 422 1966 a
449 1914 564 1967 natura
600 1903 713 1968 doceat
746 1904 823 1968 oriri
858 1881 966 1969 arhore
994 1915 1026 1968 et
1049 1904 1192 1987 caritate,
1234 1914 1266 1969 et

194 2007 278 2072 hanc
302 2011 496 2073 sententiam
519 2011 678 2095 respicere
702 2010 829 2075 videtur
857 2022 889 2075 et
916 2011 1012 2096 paulo
1036 2011 1165 2095 longius
1189 2034 1264 2097 pro-

195 2116 284 2199 gredi
309 2117 356 2181 sic
380 2118 539 2181 amicitias
557 2118 713 2182 definiens
738 2128 773 2182 ut
789 2141 843 2182 eas
859 2119 939 2182 velit
955 2118 1087 2182 caritate
1104 2131 1136 2181 et
1152 2141 1265 2183 amore

195 2225 282 2288 cerni
307 2221 350 2309 (p.
369 2247 413 2288 or.
431 2225 484 2307 25,
502 2220 569 2308 88).
617 2224 799 2290 Generibus
824 2235 931 2289 autem
959 2227 1117 2290 honorum
1143 2227 1264 2290 consti-

194 2331 282 2413 tutis,
308 2354 381 2395 cum
404 2332 469 2396 iarn
493 2334 527 2397 in
551 2334 654 2416 primo
678 2356 795 2417 genere
819 2333 889 2418 ipso
920 2334 1001 2397 ratio
1025 2332 1182 2396 habeatur
1206 2355 1264 2397 ne·

195 2439 365 2521 cessitatis,
391 2448 492 2504 restat
515 2463 554 2503 ex
577 2440 618 2504 iis
646 2441 743 2504 rebus
772 2463 854 2525 quae
881 2441 914 2503 in
939 2439 995 2504 lib.
1022 2439 1061 2503 de
1083 2440 1149 2503 inv.
1175 2438 1264 2503 utili-

194 2544 254 2607 tati
279 2554 310 2608 et
332 2545 493 2609 honestati
510 2547 729 2610 attribuuntur
744 2544 789 2630 (2,
808 2548 859 2631 52,
880 2547 957 2629 158;
983 2548 1013 2629 2,
1031 2548 1083 2629 56,
1104 2541 1182 2628 170)
1208 2547 1264 2611 ad-

194 2651 305 2733 fectio,
332 2653 421 2717 cuius
446 2653 576 2737 quidem
600 2654 633 2717 vi
657 2663 800 2739 spectata
824 2654 1004 2740 explicatur
1021 2653 1172 2738 deinceps
1198 2677 1263 2739 quo

194 2759 289 2822 modo
315 2762 509 2825 concertatio
534 2761 692 2845 quaedam
708 2761 856 2827 utilitatis
875 2762 1099 2827 ethonestatis
1123 2762 1265 2826 exsistat

194 2866 504 2953 deliberationesque
528 2869 633 2953 pariat
648 2865 693 2953 (p.
711 2891 755 2931 or.
773 2869 825 2950 25,
843 2868 885 2933 89
903 2865 997 2954 sqq).
1046 2867 1263 2953 Temporibus

194 2975 292 3058 igitur
316 2973 430 3041 Cicero
454 2976 524 3040 fieri
547 2998 642 3060 posse
666 2976 712 3039 ait
736 2986 770 3038 ut
795 2974 916 3039 utilitas
946 2987 977 3039 et
1001 2975 1152 3040 honestas
1176 2975 1265 3040 inter

194 3105 229 3146 se
254 3081 463 3165 contendant,
489 3106 569 3168 quae
593 3084 626 3147 in
643 3082 699 3147 lib.
719 3082 757 3146 de
774 3107 830 3165 or,
856 3083 888 3146 vi
905 3093 1085 3168 temporum
1100 3081 1262 3166 neglecta,

195 3188 297 3253 videri
321 3189 415 3254 modo
440 3191 524 3253 inter
548 3213 582 3254 se
607 3200 729 3254 certare
765 3190 844 3254 dicit
878 3191 1097 3274 consultoque,
1133 3199 1169 3253 ut
1193 3191 1264 3275 opi·

194 3319 318 3379 namur,
344 3296 438 3360 huius
462 3296 550 3359 modi
579 3296 724 3360 oratione
752 3320 829 3361 usus
858 3308 916 3361 est.
965 3294 1048 3363 (lum
1079 3298 1165 3361 enim
1188 3320 1264 3362 sen-

193 3405 314 3468 tcntiae
339 3400 522 3468 Stoicorum
545 3403 770 3486 adsentiretur,
795 3404 952 3490 quidquid
968 3405 1139 3468 honestum
1163 3416 1262 3489 esset,

193 3511 280 3575 idem
304 3534 374 3576 esse
399 3510 477 3574 utile
500 3533 604 3595 neque
621 3510 699 3574 utile
716 3510 889 3596 quicquam
905 3511 992 3597 quod
1007 3535 1071 3575 non
1088 3511 1264 3577 honestum

193 3615 247 3701 (de
272 3620 323 3685 off.
350 3621 379 3701 3,
400 3621 431 3703 4,
454 3618 511 3699 2ος
538 3612 566 3701 3',
590 3620 620 3701 8,
643 3613 708 3701 35),
738 3618 800 3683 hoc
823 3619 930 3704 ipsum
952 3621 987 3683 in
1009 3618 1102 3683 libris
1127 3618 1178 3683 de·
1192 3620 1264 3685 offi-

194 3727 252 3792 ciis
266 3727 433 3792 ostendere
447 3727 606 3811 studebat,
621 3748 795 3812 numquam
811 3749 907 3812 posse
922 3750 957 3791 re
971 3750 1046 3791 vera
1058 3727 1265 3793 honestatem

194 3845 227 3898 et
248 3836 422 3900 utilitatem
445 3836 529 3900 inter
558 3859 592 3901 se
621 3858 764 3921 pugnare
798 3832 842 3919 (3,
861 3836 891 3918 3,
911 3837 949 3898 11
969 3856 1057 3920 sqq.;
1095 3835 1124 3917 3,
1144 3837 1172 3918 ἵ,
1193 3833 1263 3918 34).

195 3940 249 4004 Ab
274 3965 311 4006 eo
335 3953 442 4007 autem
466 3942 552 4027 quod
572 3955 723 4028 posuerat
745 3943 919 4007 Panaetius
939 3943 1102 4027 profectus
1125 3952 1157 4005 et
1173 3945 1264 4026 quod

194 4046 250 4112 ille
273 4052 466 4136 scripturum
492 4051 617 4116 dixerat
645 4073 750 4136 neque
779 4052 962 4115 exsolverat
988 4051 1057 4136 ipse
1086 4050 1264 4134 adgressus
