2746 4560
644 251 689 313 44

133 438 351 513 campartem
380 450 462 512 quae
486 428 618 492 maioris
641 427 797 491 momenti
821 427 854 490 in
878 425 1058 512 perorando
1083 435 1135 490 est
1160 447 1209 490 se-

133 537 241 621 quitur
270 531 336 617 (17,
362 530 430 616 59).
482 535 526 599 Et
560 557 642 620 quae
678 544 844 620 praeterea
879 533 1085 599 offenduntur
1120 555 1211 599 nova

133 643 217 707 unde
246 651 317 706 orta
345 642 410 706 sint
433 642 528 706 facile
551 643 753 729 perspicitur.
797 642 975 727 Praecepta
999 642 1085 707 enim
1108 641 1211 706 huius

133 751 244 835 partis,
289 760 325 813 ut
362 749 457 833 paulo
498 760 572 814 ante
606 749 877 835 amplificationis,
915 746 1029 814 Cicero
1064 749 1212 834 primum

134 856 175 921 ad
210 856 359 942 quodque
394 879 498 940 genus
534 858 757 921 accommodat
785 879 964 939 causarum,
996 867 1211 941 temporeque

133 965 180 1028 ita
214 975 356 1050 spectato
393 965 579 1029 occasiones
608 986 734 1050 quoquc
759 963 1011 1028 enumerationis
1035 972 1210 1029 monstrat.

133 1072 206 1136 Non
232 1084 347 1154 autem,
384 1094 480 1156 quem
516 1071 557 1135 ad
592 1072 722 1135 modurn
752 1073 785 1135 in
813 1072 870 1136 lib.
897 1071 935 1135 de
959 1071 1036 1152 inv,
1072 1080 1108 1134 ut
1133 1092 1210 1135 con·

134 1180 232 1242 traria
256 1188 427 1264 ponantur,
464 1179 630 1264 praecipit,
668 1179 725 1243 scd
749 1179 875 1243 cautius
904 1190 936 1242 et
959 1177 1208 1261 consideratius,

134 1299 170 1350 ut
206 1285 268 1350 hac
302 1286 427 1350 ratione
462 1309 534 1349 raro
569 1309 643 1349 reus
680 1295 795 1350 utatur.
843 1286 912 1349 Nec
936 1285 1040 1349 solum
1064 1285 1212 1349 breviter

135 1415 321 1457 enumcrare
345 1393 435 1456 iubet
459 1403 491 1455 et
514 1392 674 1478 quomodo
697 1393 731 1456 id
756 1393 841 1457 effici
864 1394 968 1479 possit
991 1393 1126 1477 exponit
1151 1392 1212 1457 sed

136 1523 193 1564 cur
216 1501 262 1563 ita
284 1498 467 1562 faciendum
505 1501 548 1564 sit
571 1500 742 1583 significat.
789 1501 841 1565 Ita
875 1500 1112 1587 perorationem
1146 1501 1212 1586 pri·

135 1628 268 1691 masque
293 1606 371 1670 duas
396 1607 495 1670 totius
520 1607 684 1671 doctrinae
708 1618 816 1693 partes
840 1609 990 1673 absolvit.

477 1879 537 1941 ΠΙ.
576 1880 624 1940 De
648 1880 858 1954 quaestione.
973 1940 976 1945 .

225 2032 392 2118 Quaestio,
429 2059 511 2121 quae
539 2047 648 2118 restat,
685 2046 793 2121 partes
817 2036 916 2099 habet
940 2035 1029 2118 duas,
1060 2037 1213 2122 proposi-

135 2156 203 2207 tum
242 2138 313 2225 (18,
340 2139 397 2224 61)
437 2143 505 2207 sive
545 2145 812 2208 consultationem
854 2138 905 2225 (1,
931 2138 965 2224 4)
1005 2153 1037 2206 et
1076 2165 1216 2208 causam

137 2246 258 2333 (ibid.);
300 2251 339 2314 de
367 2252 484 2335 quibus
514 2252 687 2334 generibus
712 2248 826 2315 Cicero
855 2250 934 2336 quid
961 2250 1061 2314 variis
1085 2260 1212 2337 tempo·

137 2358 227 2421 ribus
252 2357 452 2439 iudicaverit,
479 2357 630 2444 deinceps
654 2360 748 2423 nobis
773 2369 822 2422 est
846 2356 1056 2443 aperiendum
1080 2357 1214 2422 ordien-

138 2465 224 2528 tibus
250 2487 268 2527 a
292 2464 535 2548 quaestionibus
560 2465 704 2529 infinitis.

274 2644 324 2706 10.
360 2641 415 2706 De
439 2644 638 2727 proposito
663 2645 745 2708 sive
771 2644 1070 2709 consultatione.

226 2783 378 2849 Infinitae
396 2786 598 2872 appellantur
614 2789 820 2871 quaestiones
841 2810 923 2872 quae
947 2810 1012 2850 non
1036 2785 1077 2849 ad
1101 2797 1213 2853 certas

138 2915 292 2977 personas
317 2905 349 2958 et
377 2904 523 2979 tempora
552 2895 734 2980 similiaque
771 2894 827 2959 sed
863 2894 903 2958 ad
939 2917 1040 2979 genus
1075 2894 1213 2980 aliquod

138 3001 323 3065 universum
347 3002 530 3085 pertineant
554 2999 607 3086 (cf.
634 3002 672 3065 de
697 3003 763 3067 inv.
791 3005 819 3084 1,
845 3003 875 3084 6,
901 3002 935 3083 8,
962 3001 1001 3064 de
1025 3024 1070 3065 or.
1099 3005 1126 3082 1,
1154 3003 1211 3085 31,

141 3108 217 3188 138,
243 3109 272 3188 2,
300 3111 350 3189 10,
375 3110 432 3190 41,
459 3111 488 3191 2,
517 3113 567 3191 lb,
593 3111 650 3184 653
685 3110 777 3174 Brut.
803 3111 855 3192 93,
882 3110 960 3191 322,
999 3132 1044 3172 01.
1071 3109 1122 3190 14,
1148 3110 1211 3190 45,

138 3225 203 3299 top.
228 3215 282 3293 21,
309 3214 457 3299 l9sqq.).
505 3212 606 3280 Cuius
631 3216 718 3280 modi
743 3216 993 3301 disceptationes
1011 3213 1126 3280 Cicero
1144 3217 1212 3301 pri·

138 3345 227 3385 mum
261 3316 314 3404 (de
338 3323 403 3385 inv.
436 3324 464 3400 l,
495 3324 524 3404 6,
556 3319 599 3404 8),
637 3323 797 3387 sententia
824 3322 1042 3407 Hermagorae
1076 3323 1209 3406 reiecta,

138 3429 256 3495 oratori
280 3430 500 3493 attribuendas
526 3453 596 3494 esse
619 3432 760 3514 negavit.
808 3431 927 3496 Postea
944 3442 1060 3512 autem,
1086 3430 1213 3497 iudicio

138 3547 260 3601 mutato
285 3547 316 3600 ct
340 3546 491 3619 correcto,
516 3538 675 3602 rationem
691 3537 955 3621 Hermagoream,
981 3561 1078 3623 quarn
1095 3560 1210 3624 seque·

139 3646 256 3709 bantur
278 3644 431 3730 plerique,
458 3668 521 3709 non
547 3645 791 3731 improbandam
817 3646 873 3710 sed
889 3670 957 3710 rem
974 3647 1155 3710 accuratius
1178 3657 1214 3711 et

138 3753 264 3836 plenius
282 3773 377 3834 quam
393 3752 463 3816 fieri
481 3753 598 3817 soleret
612 3753 840 3838 explicandam
858 3776 929 3818 esse
947 3754 1081 3817 censuit.
1098 3749 1213 3839 Scrip-

138 3868 223 3922 tores
248 3861 335 3923 enim
350 3861 513 3924 Antonius
537 3861 570 3924 in
595 3861 651 3925 lib.
674 3860 713 3924 de
737 3885 782 3926 or.
808 3860 893 3945 quod
910 3870 1080 3944 utrumque
1104 3881 1211 3943 genus

139 3965 315 4050 appellent,
353 3990 449 4030 unum
484 3968 615 4031 omnino
648 3969 812 4052 explicent
844 3966 1052 4052 reprehendit
1080 3988 1212 4051 quoque

139 4071 234 4136 modo
265 4075 469 4156 quaestiones
497 4074 641 4139 infinitas
670 4075 790 4138 oratori
826 4073 1010 4138 tractandas
1034 4073 1213 4138 arbitretur
