2746 4560
668 200 712 263 50

156 380 216 444 bus
240 379 341 442 ullum
367 401 438 442 esse
473 400 573 461 genus
609 378 763 441 orationis
801 376 963 462 copiosius
992 398 1088 461 quam
1112 375 1228 439 lauda·

156 487 262 551 tiones
287 497 342 549 aut
366 484 551 549 civitatibus
581 484 691 549 utilius
717 494 772 547 aut
799 484 833 547 in
862 506 925 568 quo
953 483 1056 567 magis
1081 481 1228 566 cognitio

156 594 311 658 virtutum
336 592 550 676 vitiorumque
573 592 753 676 requiratur
778 588 844 674 (20,
863 586 929 672 69).
977 588 1086 670 Quare
1106 590 1230 653 mirum

156 700 287 764 fecisset
310 700 374 763 nisi
398 699 495 762 etiam
519 699 751 763 accuratiorem
780 698 814 761 in
837 698 1071 762 Partitionibus
1103 706 1135 761 et
1161 719 1230 760 am·

158 807 294 892 pliorem
317 828 415 890 quam
448 807 482 868 in
506 805 598 869 libris
623 828 702 890 quos
738 816 834 870 antea
868 806 1040 890 scripserat
1073 826 1230 890 praecep·

158 915 279 979 tionem
316 913 442 996 generis
477 911 632 976 laudativi
669 934 739 977 esse
774 912 939 976 voluisset.
1002 911 1231 976 Proficiscitur

158 1031 265 1085 autem
289 1021 329 1084 ab
355 1019 465 1083 cadem
491 1019 652 1083 sententia
675 1019 826 1083 universa
850 1028 945 1103 atque
973 1019 1008 1082 in
1031 1018 1087 1082 lib.
1113 1017 1155 1082 de
1181 1041 1229 1082 or.

158 1127 202 1210 (2,
221 1129 273 1211 84,
292 1128 370 1207 342;
407 1127 446 1191 cf.
472 1137 511 1190 51.
538 1127 567 1208 2,
588 1128 638 1208 11,
656 1123 723 1208 46),
759 1126 868 1190 omnia
891 1149 973 1211 quae
1008 1147 1082 1190 cum
1104 1125 1230 1190 virtute

160 1236 331 1298 coniuncta
370 1234 435 1298 sint
472 1232 634 1296 laudanda
673 1256 760 1316 esse,
802 1234 963 1297 contraria
1000 1233 1230 1319 vituperanda.

157 1341 253 1407 Unde
278 1341 422 1426 sequitur
445 1349 479 1403 ut
502 1340 577 1402 finis
601 1339 796 1404 laudationis
825 1341 868 1404 sit
890 1340 1044 1404 honestas
1068 1336 1136 1423 (21,
1158 1337 1227 1424 71).

160 1446 245 1515 Cum
280 1458 386 1512 autem
422 1447 484 1510 hoc
518 1470 618 1530 genus
661 1472 724 1512 non
760 1461 827 1512 tam
865 1447 1081 1534 persuadendi
1116 1444 1231 1532 (ibid.)

160 1578 258 1640 quam
281 1554 462 1619 delectandi
486 1576 583 1618 causa
606 1552 662 1638 (ἐξ
680 1557 731 1638 10,
751 1558 802 1637 11,
823 1557 872 1636 12,
890 1556 942 1637 58,
961 1556 1013 1638 69,
1033 1556 1089 1637 72,
1115 1555 1157 1620 de
1182 1579 1228 1622 or.

161 1664 190 1745 2,
209 1665 261 1745 84,
279 1663 358 1741 341,
384 1685 428 1725 or.
448 1664 501 1742 11,
520 1663 559 1726 37
579 1658 664 1747 sqq.)
689 1662 888 1744 adhibeatur,
913 1663 1051 1748 primum
1075 1661 1117 1726 ad
1142 1664 1231 1727 hunc

161 1772 296 1834 alterum
319 1770 418 1833 finem
443 1770 625 1834 universam
646 1770 804 1833 tractandi
820 1770 978 1833 rationem
994 1770 1228 1835 accommodat.

162 1879 231 1942 Nec
254 1900 330 1943 vero
354 1901 440 1941 nova
463 1877 524 1941 hoc
548 1877 619 1941 loco
653 1878 687 1940 in
710 1877 944 1941 Partitionibus
973 1875 1078 1940 adfert
1109 1878 1169 1942 sed
1199 1888 1230 1942 51

160 1985 313 2050 narrandi
342 1994 373 2049 51
401 1984 540 2069 augendi
568 1995 739 2069 praecepta
773 1984 836 2048 huc
870 1983 960 2047 iubet
994 1982 1173 2050 transferre
1196 1997 1228 2050 et

160 2094 230 2178 ipse
265 2115 338 2156 cum
375 2115 415 2155 ex
450 2091 522 2156 aliis
558 2092 624 2155 suis
658 2091 751 2155 libris
787 2103 855 2154 tum
891 2113 931 2154 ex
966 2090 1229 2176 amplificationis

161 2198 231 2282 (15,
269 2202 311 2265 53
351 2193 437 2283 sqq.)
477 2208 509 2261 51
545 2199 739 2262 narrationis
779 2193 827 2280 (9,
870 2193 926 2279 32)
965 2208 995 2261 51
1035 2197 1226 2264 elocutionis

162 2303 217 2389 (ἐξ
244 2308 294 2389 19,
319 2306 377 2381 21)
408 2328 504 2390 supra
528 2305 697 2390 explicatis
726 2305 906 2370 rationibus
930 2304 1086 2368 nonnulla
1113 2307 1232 2392 repetit

162 2410 216 2496 (cf.
242 2423 282 2476 et.
308 2435 353 2475 or.
376 2411 417 2488 ἐξ
439 2413 490 2494 38,
513 2414 565 2495 67,
590 2413 662 2496 149,
687 2413 760 2495 172,
784 2412 857 2495 189,
882 2412 960 2493 3Ο7;
987 2410 1025 2474 (15
1049 2433 1095 2475 or.
1123 2413 1154 2495 3,
1175 2413 1228 2496 44,

165 2519 229 2583 175
247 2515 343 2602 sqq.)

253 2623 468 2689 Tractationis
492 2626 751 2710 praeceptionem
775 2626 906 2711 partitio
931 2625 1051 2711 excipit
1070 2626 1221 2706 locorum3

164 2756 299 2819 quorum
332 2732 365 2795 in
389 2731 624 2796 Partitionibus
652 2727 718 2816 (22,
739 2729 794 2813 74)
823 2733 935 2796 eadem
970 2733 1033 2796 tria
1067 2742 1224 2819 ponuntur

164 2862 281 2926 genera
305 2862 385 2924 quae
409 2840 443 2902 in
468 2839 523 2903 lib.
550 2839 589 2902 de
612 2840 678 2905 inv.
703 2834 818 2922 (2,59,
839 2837 917 2921 177)
941 2852 972 2903 51
995 2840 1029 2902 15
1052 2839 1110 2905 lib.
1128 2841 1168 2905 de
1183 2863 1227 2905 or.

162 2945 207 3030 (2,
226 2948 278 3030 84,
299 2942 387 3029 342),
412 2947 499 3010 bona
522 2955 655 3010 externa
679 2958 711 3010 et
734 2947 877 3031 corporis
894 2956 926 3009 et
942 2947 1051 3011 animi.
1085 2947 1230 3012 Virtutes

165 3065 281 3136 autem,
307 3055 425 3138 quibus
449 3054 511 3118 hoc
534 3056 664 3118 tertium
687 3077 789 3138 genus
806 3055 996 3137 continetur,
1023 3076 1096 3119 cum
1114 3053 1231 3122 Cicero

164 3184 230 3225 non
253 3160 367 3224 eodem
390 3161 509 3246 ubique
539 3162 634 3225 modo
664 3161 873 3245 distribuerit,
904 3185 1013 3225 earum
1042 3161 1232 3247 diligentius

164 3251 338 3353 praecepta
372 3268 457 3331 inter
481 3290 515 3332 55
551 3269 744 3332 conferenda
779 3279 863 3333 sunt.
910 3268 1053 3332 Primum
1078 3271 1179 3354 igitur
1203 3280 1235 3335 et

165 3375 200 3439 in
223 3373 457 3438 Partitionibus
492 3373 571 3438 dicit
605 3386 636 3439 51
670 3376 704 3439 in
739 3377 795 3440 lib.
825 3376 863 3440 de
892 3376 944 3440 off.
969 3371 1013 3459 (1,
1032 3372 1067 3457 5)
1103 3399 1235 3443 omnem

165 3480 295 3546 virtutis
318 3480 386 3545 rim
416 3491 470 3544 aut
497 3482 530 3545 in
560 3483 695 3546 scientia
722 3494 777 3546 aut
804 3483 837 3546 in
867 3485 991 3547 actione
1025 3485 1151 3548 versari
1178 3481 1233 3569 (cf.

166 3599 207 3654 51.
232 3589 335 3654 Arist.
358 3588 465 3654 Ethic.
490 3590 562 3654 Nic.
586 3591 618 3655 A
637 3587 701 3673 13).
750 3589 877 3655 Deinde
894 3614 965 3655 eam
980 3591 1134 3656 virtutem
1151 3615 1235 3677 quae

167 3697 303 3761 scientia
327 3706 477 3761 cernatur
504 3698 708 3782 prudentiam
736 3699 894 3781 nominat,
925 3721 1006 3783 quae
1033 3699 1067 3762 in
1097 3699 1235 3783 privatis

166 3805 262 3869 rebus
288 3804 475 3888 domestica,
500 3807 534 3869 in
558 3806 697 3892 publicis
722 3806 828 3872 civilis
853 3806 1039 3892 appelletur.
1086 3806 1236 3893 Itemque

167 3912 317 3975 universo
342 3913 452 3994 generi
477 3912 563 3997 quod
585 3914 620 3977 in
644 3913 768 3998 agendo
796 3922 941 3978 versetur
968 3936 1068 3976 unum
1095 3913 1238 4000 imponit

167 4038 285 4080 nomen
310 4019 540 4103 temperantiae
575 4021 885 4105 temperantiamque
919 4020 1057 4105 propriis
1092 4030 1124 4084 et
1149 4043 1237 4086 com·
