2746 4560
653 226 693 292 81

139 416 194 469 aut
220 405 359 469 Brutum
387 414 442 468 aut
471 403 650 468 Oratorem.
697 402 974 488 Exquisitioribus
1008 406 1083 469 ve'ro
1113 428 1206 489 argu-

139 512 256 576 mentis
284 533 345 575 nec
372 519 481 575 tamen
513 511 735 576 stabilioribus
763 533 840 575 usus
868 524 917 576 est
946 511 1123 576 Pideritius
1151 507 1206 595 (cf.

138 619 188 682 ed.
213 618 355 703 prolegg.
386 614 467 698 §ll
515 613 612 696 Quod
640 617 728 681 enim
750 616 877 682 Hirtius
903 629 934 682 et
956 617 1131 683 Dolabella
1155 618 1208 683 de·

139 724 349 789 clamitabant
373 724 458 810 apud
483 721 673 789 Ciceronem
696 725 788 809 isque
815 725 850 788 in
873 725 991 791 litteris
1015 724 1209 811 quibusdam

140 833 223 896 dixit
247 854 281 896 se
305 831 416 895 ludum
441 831 533 916 quasi
557 831 676 895 hahere
701 832 845 918 coepisse
869 829 922 915 (cf.
948 833 989 896 ad
1012 832 1134 916 famil,
1155 833 1207 914 16,

141 944 176 1021 7,
202 941 233 1022 9,
260 934 325 1022 18),
350 939 433 1003 nihil
456 949 506 1003 est
528 939 671 1024 profecto
691 939 777 1024 quod
794 938 961 1004 credamus
978 939 1019 1003 ad
1035 940 1103 1004 eius
1119 939 1209 1004 modi

141 1047 389 1111 exercitationes
414 1069 493 1131 opus
519 1048 548 1110 ei
571 1045 671 1111 fuisse
694 1047 777 1111 libro
802 1046 888 1131 quod
911 1069 1012 1130 genus
1037 1057 1112 1111 sunt
1128 1047 1206 1111 Par·

140 1155 271 1218 titiones
296 1176 414 1238 easque
439 1176 511 1217 eam
535 1154 575 1217 ob
600 1175 731 1217 causam
754 1175 825 1218 esse
849 1153 1060 1238 conscriptas.
1091 1154 1206 1237 Neque

141 1261 305 1346 cognitum
333 1260 489 1325 habemus
514 1258 665 1326 Ciceroni
694 1261 760 1324 iam
783 1261 818 1325 in
841 1262 948 1325 animo
976 1260 1076 1325 fuisse
1103 1260 1208 1325 filium

142 1369 289 1433 Athenas
325 1368 466 1448 mittere3
504 1368 544 1430 ad
576 1364 750 1432 Caesarem
783 1368 961 1433 mittendus
993 1381 1079 1432 esset
1105 1389 1210 1432 necne

142 1476 354 1540 deliberatum
382 1485 451 1538 erat
485 1470 539 1556 (cf.
564 1484 641 1538 erat.
666 1477 736 1539 Att.
767 1478 818 1558 11,
846 1477 897 1557 17,
925 1478 957 1557 1,
987 1474 1029 1539 ad
1051 1475 1129 1539 fam.
1156 1475 1207 1556 14,

143 1578 212 1666 11),
249 1581 288 1646 de
317 1580 433 1647 studiis
462 1582 531 1645 eius
554 1580 771 1666 Athenisque,
803 1582 959 1667 quidquid
983 1578 1098 1646 Cicero
1123 1581 1209 1665 cogi-

141 1691 243 1775 tabat,
276 1689 358 1753 nihil
382 1690 417 1752 in
439 1688 556 1752 litteris
580 1687 642 1752 hoc
666 1700 809 1773 tempore
834 1688 918 1753 datis
943 1689 1097 1774 scriptum
1120 1687 1209 1752 vide-

140 1820 221 1862 mus.
267 1796 312 1861 Et
339 1797 405 1860 sint
430 1795 628 1859 Partitiones
657 1796 726 1860 eius
752 1796 842 1859 modi
871 1806 905 1860 ut
933 1796 974 1860 iis
1002 1795 1147 1880 legendis
1177 1805 1210 1858 et

141 1904 325 1970 ediscendis
348 1902 479 1967 Marcus
516 1903 658 1988 paratior
684 1904 755 1966 fieri
783 1904 924 1986 potuerit
951 1902 993 1966 ad
1017 1900 1209 1988 Cratippum

142 2013 351 2077 audiendum:
380 2034 445 2075 non
470 2011 579 2075 minus
609 2010 744 2074 idoneae
771 2011 900 2075 fuerunt
924 2033 1004 2097 quae
1028 2022 1142 2096 postea
1165 2010 1208 2074 ad

142 2143 214 2184 eum
248 2120 281 2182 in
318 2118 434 2182 studiis
469 2126 654 2182 versantem
688 2119 898 2182 mitterentur.
945 2119 1077 2182 Absunt
1112 2139 1208 2202 porro

141 2226 236 2290 huius
265 2225 342 2290 anni
370 2224 516 2310 epistulis
549 2225 658 2289 omniu
690 2247 771 2309 quae
798 2224 943 2289 indicare
971 2226 1097 2311 possint
1125 2225 1209 2310 patri

142 2332 244 2398 filium
278 2333 342 2396 iam
379 2333 596 2418 suspicionem
624 2354 737 2417 parum
759 2332 894 2397 honeste
922 2332 1054 2397 vivendi
1082 2343 1114 2397 et
1138 2331 1209 2396 dili·

143 2457 255 2525 genter
279 2438 424 2504 discendi
450 2438 588 2504 dedisse.

233 2546 321 2611 Huic
344 2547 491 2632 proximo
516 2569 601 2610 anno
625 2542 667 2629 (a.
692 2571 722 2610 u.
749 2543 826 2628 709)
851 2546 979 2612 Marcus
1004 2557 1073 2611 tum
1085 2545 1209 2611 Romae

144 2656 274 2720 domum
310 2655 473 2738 cogitabat
506 2654 697 2737 conducere,
736 2690 777 2699 —-
817 2678 934 2720 novam
970 2657 1057 2720 enim
1092 2652 1208 2720 Cicero

143 2786 277 2828 uxorem
300 2762 436 2827 duxerat
460 2772 492 2826 et
514 2775 640 2827 mortua
663 2772 731 2827 erat
755 2763 872 2846 Tullia,
899 2799 939 2808 -
971 2774 1039 2827 tum
1063 2762 1105 2826 ad
1130 2759 1210 2828 Cae·

145 2895 251 2938 sarem
273 2872 307 2937 in
330 2869 526 2956 Hispaniam
549 2871 596 2934 ire
620 2871 750 2936 volebat
776 2866 830 2953 (cf.
857 2871 897 2934 ad
922 2874 990 2935 Att.
1017 2872 1067 2952 12,
1093 2871 1146 2954 32,
1173 2871 1206 2951 23

145 2981 196 3063 12,
215 2976 258 3062 l).
291 2975 354 3044 Sed
379 2981 445 3042 iam
467 3001 578 3043 mense
594 2977 713 3042 Martio
738 2980 947 3043 constitutum
971 2989 1039 3042 erat
1055 2989 1090 3042 ut
1106 2989 1209 3043 trans·

143 3087 205 3151 iret
229 3086 387 3167 Athenas,
418 3109 480 3171 quo
505 3097 641 3149 exeunte
665 3085 731 3149 fere
755 3085 816 3151 hoc
839 3109 949 3151 mense
973 3085 1134 3172 profectus
1161 3096 1211 3150 est

144 3190 198 3276 (cf.
224 3194 264 3257 ad
287 3195 357 3259 Att.
385 3195 435 3277 12,
461 3195 496 3270 8,·
522 3195 572 3276 12,
599 3195 655 3276 24,
683 3194 733 3277 15,
753 3195 804 3276 15,
822 3190 867 3276 4).
902 3194 1079 3259 Pecuniam
1103 3206 1209 3259 autem

146 3311 180 3364 ut
215 3300 434 3385 suppeditaret
461 3300 649 3365 mandatum
676 3311 746 3365 erat
774 3302 900 3384 Attico,
938 3303 1067 3387 quicum
1092 3299 1208 3367 Cicero

146 3408 185 3472 de
212 3407 273 3472 hac
301 3431 336 3471 re
365 3430 460 3493 saepe
488 3409 606 3474 litteris
631 3411 889 3474 communicabat
916 3406 970 3494 (cf.
995 3411 1036 3474 ad
1059 3412 1130 3474 Att.
1157 3409 1208 3489 12,

146 3515 203 3593 243
230 3516 280 3598 12,
306 3516 362 3597 27,
390 3517 440 3597 12,
467 3511 533 3597 32).
564 3516 608 3579 Et
632 3538 824 3602 quamquam
841 3518 937 3602 paulo
953 3528 1027 3602 post
1043 3516 1082 3581 de
1098 3517 1209 3581 Marco

146 3623 251 3686 nuntii
273 3621 413 3686 Romam
436 3621 554 3686 adferri
578 3624 681 3707 coepti
707 3635 782 3686 sunt
806 3625 860 3708 qui
889 3625 1022 3688 minime
1045 3624 1210 3708 placerent

146 3727 200 3813 (cf.
225 3729 266 3794 ad
288 3731 358 3794 Att.
385 3730 436 3812 13,
464 3732 497 3812 13
530 3731 580 3813 13,
607 3731 662 3812 30,
692 3729 804 3795 Drum.
829 3730 916 3796 Hist.
940 3730 1033 3795 Rom.
1063 3731 1125 3796 vol.
1152 3729 1207 3815 VI,

145 3862 176 3924 p.
203 3834 294 3920 714),
330 3847 439 3901 tamen
467 3834 582 3902 Cicero
611 3838 803 3902 liberalitate
831 3840 865 3902 in
893 3861 966 3903 eum
992 3840 1095 3924 primo
1124 3850 1210 3904 certe

146 3969 231 4012 anno
254 3946 523 4031 peregrinationis
548 3945 701 4010 utendum
725 3969 796 4011 esse
820 3947 972 4012 censebat
995 3944 1048 4030 (cf.
1075 3947 1115 4012 ad
1138 3950 1209 4012 Att.

148 4057 198 4138 13,
224 4056 266 4120 41
281 4051 322 4136 a).
354 4051 404 4116 De
421 4053 536 4117 studiis
551 4053 654 4119 Marci
669 4054 791 4118 nullam
807 4055 842 4119 in
858 4054 1004 4141 epistulis
1020 4054 1115 4120 huius
1131 4067 1210 4121 tem-

199 4159 229 4198 n.
1032 4159 1049 4212 a
