2746 4560
666 243 709 307 22

154 419 257 505 ceptis
280 417 407 502 Latine,
443 419 548 505 plane,
585 428 705 502 ornate,
742 429 816 504 apte
847 418 975 484 dicendi
1004 420 1220 483 continentur.

153 525 197 592 Et
220 525 353 591 eaedem
369 537 477 612 partes
493 527 527 590 in
544 522 681 591 Oratore
698 537 916 610 agnoscuntur
932 523 998 610 (24,
1018 522 1083 609 79),
1109 549 1219 612 quam·

155 656 252 719 quam
274 634 446 719 praecipue
471 633 510 697 de
534 633 686 698 extremis
711 633 835 698 duabus
859 634 1058 719 propositum
1079 644 1148 697 erat
1163 633 1222 697 illo

154 739 226 804 loco
262 739 428 805 disserere.
477 736 634 818 Quamvis
669 750 778 804 autem
805 740 885 804 haec
918 741 1000 804 ratio
1029 739 1219 804 elocutionis

155 847 299 932 alioquin
322 846 490 933 probanda
513 856 611 930 esset,
648 856 682 910 at
704 847 740 910 in
764 846 929 911 dividendi
953 869 1069 930 genere
1092 847 1223 931 plaeere

155 976 221 1018 non
244 965 379 1039 poterat.
414 952 576 1018 Universa
600 954 686 1017 enim
710 964 882 1038 praecepta
904 953 1075 1017 verborum
1100 953 1220 1038 simpli·

156 1061 242 1126 cium
265 1070 297 1124 et
320 1061 572 1143 coniunctorum,
598 1082 679 1144 quae
704 1069 738 1123 ut
761 1061 898 1124 materia
921 1060 1075 1124 orationis
1097 1059 1138 1124 ad
1154 1083 1222 1123 om-

156 1167 213 1232 nia
235 1190 354 1253 genera
378 1166 507 1232 dicendi
530 1166 700 1252 pertinent,
725 1167 844 1230 iniuria
868 1177 923 1231 aut
946 1168 981 1231 in
996 1157 1222 1232 tractationem

156 1274 261 1341 ornati
286 1275 427 1358 3111111,
454 1296 516 1358 quo
540 1272 720 1337 referuntur
743 1274 778 1337 in
801 1274 856 1338 lib.
882 1273 921 1338 de
941 1297 986 1339 or.
1008 1270 1053 1357 (3,
1072 1277 1123 1358 37,
1144 1268 1225 1356 149)

157 1392 189 1447 11
212 1383 246 1446 in
274 1380 409 1446 Oratore
434 1376 500 1463 (24,
526 1375 606 1463 80),
632 1391 688 1444 aut
715 1381 750 1444 in
777 1381 874 1446 aliam
898 1404 939 1445 ex
961 1381 1095 1467 reliquis
1119 1381 1226 1444 tribus

156 1489 303 1575 partibus
328 1487 426 1552 ullam
451 1486 694 1552 concluduntur.
729 1490 803 1553 Non
827 1499 895 1553 erat
917 1490 1016 1574 igitur
1039 1489 1224 1574 quadriper-

157 1597 217 1661 tita
240 1596 297 1659 illa
322 1595 511 1660 elocutionis
536 1595 720 1660 distributio
744 1597 778 1659 in
794 1596 1026 1661 Partitionibus
1043 1596 1225 1660 retinenda.

45 1704 48 1711 '
158 1705 271 1788 Neque
305 1702 394 1766 notio
423 1702 577 1768 orationis
608 1725 666 1766 sua
696 1714 810 1788 sponte
837 1703 927 1768 fusae
955 1704 995 1767 ab
1025 1704 1093 1768 eius
1117 1714 1225 1766 mente

158 1810 265 1875 aliena
287 1823 355 1874 erat
379 1810 434 1894 qui
458 1809 497 1873 de
521 1810 562 1874 iis
586 1833 668 1895 quae
693 1833 750 1874 sua
774 1823 887 1896 sponte
911 1810 1057 1875 homines
1074 1811 1224 1895 eloquen-

158 1928 207 1982 tes
230 1917 373 1981 facerent
396 1912 450 2000 (de
475 1939 519 1980 or.
546 1919 574 2000 1,
601 1917 651 2000 32,
679 1913 757 2000 146)
782 1928 813 1981 11
837 1917 876 1981 de
900 1918 1008 1981 verbis
1033 1940 1115 2002 quae
1140 1940 1224 1981 com·

158 2024 318 2110 positione
341 2025 413 2109 ipsa
437 2033 469 2088 et
491 2024 585 2108 quasi
608 2046 666 2089 sua
683 2036 797 2109 sponte
812 2025 981 2088 finirentur
997 2022 1056 2106 (or.
1073 2025 1126 2107 49,
1147 2019 1228 2105 164)

158 2131 284 2196 locutus
320 2142 414 2196 esset.
461 2129 597 2196 Duobus
626 2120 725 2215 igitur
756 2132 792 2195 in
818 2131 902 2195 hanc
930 2132 1122 2196 sententiam
1152 2153 1225 2194 con·

160 2239 281 2304 stitutis
307 2237 436 2302 dicendi
460 2239 642 2321 generibus,
669 2238 779 2302 statim
804 2249 835 2302 et
858 2239 904 2302 ita
927 2250 962 2302 ut
978 2248 1148 2322 utrumque
1173 2260 1226 2320 ge·

159 2368 220 2410 nus
245 2356 335 2430 spect
337 2346 384 2408 ari
408 2343 516 2408 videat
504 2359 555 2408 tur
579 2345 698 2430 duplex
722 2359 989 2410 commemoratur
1004 2345 1159 2408 orationis
1176 2345 1226 2407 vis

160 2453 195 2516 in
222 2452 330 2516 verbis
360 2451 559 2536 simplicibus
589 2462 620 2515 et
652 2452 832 2517 coniunctis
862 2453 978 2538 posita.
1029 2450 1157 2515 Deinde
1186 2451 1227 2514 ad

161 2560 300 2646 priorem
323 2559 437 2622 elocut
415 2559 513 2622 t10nis
537 2568 609 2643 part
611 2581 662 2622 em
678 2559 802 2623 accedit
789 2570 840 2623 tur
855 2572 888 2624 et
903 2561 1041 2646 primum
1056 2572 1231 2644 praecepta

163 2689 244 2752 quae
267 2665 329 2730 huo
353 2666 515 2752 pertinent
535 2666 730 2751 simplicium
747 2677 779 2730 et
795 2666 1038 2730 coniunctorum
1053 2676 1227 2750 ponuntur.

163 2771 366 2860 Simplicium
383 2773 507 2838 duabus
522 2773 617 2838 factis
635 2773 905 2857 distinctionibus,
931 2782 963 2838 et
979 2774 1018 2838 de
1034 2774 1158 2857 origine
1175 2772 1227 2835 de·

160 2883 383 2967 rivationeque
406 2882 579 2945 verborum
603 2881 779 2965 quaeritur,
815 2881 925 2945 nativa
949 2881 1014 2945 sint
1038 2904 1078 2943 an
1101 2890 1230 2964 reperta

163 2984 196 3071 (ξ
214 2984 280 3072 16),
305 3001 337 3053 11
361 2988 400 3088 de
422 2989 523 3053 virtut
510 2989 597 3052 tibus
622 2998 692 3051 orat
693 2988 785 3071 ionis,
810 2988 856 3051 ita
879 2997 914 3052 ut
937 3011 978 3051 ex
998 2998 1113 3051 natura
1130 2987 1228 3050 verba

162 3095 367 3160 considerent
354 3106 406 3160 tur
440 3091 1085 3178 1111111111110111(ἓ17).111115.
1119 3094 1156 3157 de
1182 3117 1227 3157 or.

163 3199 208 3286 (3,
234 3204 285 3285 37,
305 3204 368 3267 149
386 3200 472 3288 sqq)
495 3203 558 3266 tria
581 3212 656 3267 sunt
679 3225 798 3286 genera
821 3202 1026 3286 simplicium,
1053 3225 1151 3265 unum
1174 3224 1227 3284 ge-

163 3333 224 3374 nus
252 3332 362 3373 eorum
390 3332 472 3394 quae
499 3311 630 3396 propria
657 3333 764 3372 rerum
789 3320 864 3374 sunt
887 3321 918 3372 et
941 3331 1044 3394 paene
1069 3332 1132 3372 una
1157 3330 1229 3371 cum

163 3418 203 3482 iis
227 3427 304 3481 nata
327 3413 473 3499 (ἐ6149,
493 3412 580 3498 150),
606 3416 743 3480 alterum
766 3438 876 3479 eorum
897 3437 978 3500 quae
994 3415 1231 3480 transferuntur

165 3525 312 3611 (35149,
340 3525 403 3589 155
420 3519 520 3608 sqq),
553 3523 683 3587 tertium
708 3545 818 3586 eorum
842 3546 923 3607 quae
947 3524 987 3588 ab
1012 3546 1048 3587 eo
1074 3523 1128 3609 qui
1152 3522 1231 3585 dicit

164 3635 235 3720 ipso
259 3642 418 3698 novantur
441 3627 496 3714 (ἐξ
515 3631 587 3714 149,
609 3625 694 3713 154).
730 3631 850 3695 Nativa
874 3641 948 3696 sunt
963 3633 1061 3716 igitur
1078 3655 1115 3695 ea
1132 3630 1232 3695 verba

165 3765 260 3827 quae,
291 3742 415 3806 ratione
439 3738 648 3804 derivationis
673 3739 796 3822 habita,
834 3762 906 3804 cum
928 3742 1025 3805 rebus
1049 3741 1129 3825 ipsis
1154 3747 1232 3801 nata

166 3871 236 3914 esse
261 3849 419 3932 dicuntur,
446 3871 528 3933 quae
552 3847 664 3912 eadem
687 3848 817 3933 propria
833 3849 1045 3934 appellantur.
1078 3844 1143 3911 Sed
1159 3868 1231 3929 pro·

165 3957 309 4041 priorum
335 3978 454 4020 nomen
477 3956 574 4020 etiam
598 3955 640 4019 ad
662 3978 757 4019 usum
780 3956 951 4020 verborum
974 3963 1107 4039 spectat.
1154 3952 1230 4015 Pro·

165 4064 237 4150 pria
272 4064 358 4127 enim
393 4063 512 4148 opponi
548 4061 652 4126 solent
686 4062 822 4126 tralatis.
870 4061 1120 4144 Distinguuntur
1155 4082 1232 4143 ergo
