2746 4560
663 255 703 318 21

148 455 319 496 causarum
348 439 476 511 natura,
510 431 646 494 alterum
669 430 824 496 iudicium
848 431 984 496 oratoris
1009 431 1216 514 praescribat.

148 537 190 602 In
217 538 305 602 illius
334 537 461 620 generis
490 537 670 622 praeceptis
696 536 734 601 de
761 538 907 622 partibus
932 538 1087 602 orationis
1112 536 1217 621 dispo·

149 645 275 727 nendis,
301 645 334 707 in
359 643 454 707 huius
479 643 518 707 de
543 644 739 728 argumentis
761 640 1032 729 expendendis&
1050 645 1114 708 308
1131 643 1218 729 sqq.)

148 775 188 817 ac
222 751 400 817 levioribus
435 752 469 815 in
497 751 603 816 medio
633 752 828 816 collocandis
857 749 891 835 (ἕ
913 754 976 817 313
1000 747 1086 837 sqq.)
1116 752 1218 836 deque

149 859 268 924 animis
296 857 522 943 permovendis
551 854 585 942 (ἓ
603 860 668 923 310
689 854 775 945 sqq.)
805 858 982 924 disseritur.
1030 856 1218 943 Similisque

152 977 203 1031 est
232 966 271 1029 de
299 965 350 1030 his
377 968 474 1030 rebus
503 967 664 1031 sententia
691 967 891 1052 perbreviter
919 967 1003 1030 elata
1024 968 1059 1030 in
1084 966 1219 1031 Oratore

150 1069 290 1158 (15,50).
325 1071 391 1139 Sed
414 1085 551 1160 quatuor
574 1084 681 1160 partes
706 1076 860 1140 orationis
885 1098 948 1160 quo
973 1075 1084 1139 ordine
1109 1097 1143 1139 se
1166 1098 1218 1139 ex-

154 1185 260 1268 cipere
284 1192 429 1267 oporteat
453 1206 726 1268 supervacaneum
750 1184 854 1247 estin
879 1183 1060 1269 praeceptis
1085 1182 1219 1246 colloca·

152 1290 249 1354 tionis
274 1290 421 1373 edocere,
455 1300 490 1353 ut
518 1290 575 1354 illa
603 1290 810 1355 distinctione
838 1299 972 1353 naturae
996 1300 1029 1353 et
1050 1289 1162 1353 iudicii
1185 1288 1219 1352 in

153 1397 385 1462 Partitionibus
414 1397 484 1461 sine
512 1397 577 1461 ullo
602 1397 719 1462 damno
744 1396 1000 1482 supersedeatur.
1043 1396 1100 1479 Et,
1132 1395 1219 1480 quod

154 1505 191 1568 fit
214 1505 247 1568 in
272 1504 385 1569 eodem
408 1504 528 1586 libello,
554 1505 649 1588 paulo
674 1484 780 1590 aptius
804 1505 837 1568 in
860 1503 1048 1569 inveniendi
1072 1525 1220 1589 praecep·

150 1613 239 1676 tione
273 1612 401 1676 videtur
437 1612 476 1675 de
506 1613 702 1695 argumentis
734 1612 956 1696 expendendis
986 1613 1086 1676 verba
1114 1611 1220 1674 facere

149 1742 249 1804 quam
272 1720 307 1783 in
332 1719 527 1802 collocandi,
557 1730 592 1782 ut
616 1720 650 1783 in
672 1720 729 1784 lib.
757 1708 795 1782 de
820 1743 865 1783 or.
902 1719 942 1782 In
966 1728 1101 1803 utroque
1125 1741 1220 1803 opere

150 1827 192 1891 de
221 1836 310 1890 motu
338 1827 517 1891 animorum
546 1827 666 1891 similia
689 1836 860 1911 ponuntur.
908 1826 956 1889 At
978 1826 1012 1889 in
1035 1825 1221 1889 Partitioni-

153 1935 213 1998 bus
246 1935 355 1997 omnia
383 1933 562 1998 collocandi
590 1945 762 2018 praecepta
791 1934 885 1996 aliter
912 1943 1008 2016 atque
1036 1933 1070 1994 in
1098 1932 1154 1996 lib.
1181 1931 1220 1995 de

151 2064 199 2105 or.
225 2040 398 2104 distributa
425 2063 486 2104 nec
516 2062 618 2125 pauca
641 2063 725 2103 nova
749 2050 833 2103 sunt.
880 2038 980 2120 Haec,
1007 2061 1088 2123 quae
1112 2038 1146 2101 in
1170 2061 1220 2102 su-

152 2149 315 2233 periorum
349 2146 441 2210 libris
467 2169 546 2231 quos
571 2146 728 2211 habemus
752 2169 816 2210 non
847 2145 1105 2231 suppeditantur,
1143 2146 1222 2230 quin

151 2280 172 2318 a
197 2252 354 2319 Cicerone
389 2256 459 2339 ipso
488 2264 580 2338 parta
608 2255 804 2339 inventaque
833 2255 899 2318 sint
930 2276 996 2317 non
1025 2252 1219 2317 dubitamus.

155 2358 238 2426 Cum
263 2362 348 2424 enim
372 2383 409 2424 ea
433 2361 563 2445 partitio
588 2383 670 2445 quae
694 2372 743 2424 est
766 2361 800 2423 in
823 2361 879 2424 lib.
905 2358 944 2423 de
968 2382 1013 2423 or.
1031 2360 1149 2445 politae
1174 2359 1221 2422 di-

154 2468 286 2532 videndi
314 2469 432 2532 rationi
468 2491 534 2532 non
564 2469 642 2533 satis
670 2468 802 2550 faceret,
840 2491 924 2532 nova
952 2478 1019 2532 erat
1047 2468 1146 2532 totius
1173 2467 1219 2530 rei

152 2575 341 2640 distributio
366 2574 594 2659 excogitanda,
632 2598 694 2660 qua
717 2575 868 2660 quodque
897 2597 997 2660 genus
1023 2574 1220 2660 quaestionis

154 2685 376 2769 respiceretur.
424 2684 507 2747 Nam
532 2706 569 2748 eo
592 2696 746 2770 tempore,
773 2707 835 2769 quo
861 2684 991 2768 scripsit
1014 2684 1219 2763 PartitioneS,

150 2788 282 2874 Cicero,
313 2802 348 2854 ut
376 2802 489 2876 postea
519 2792 579 2854 erit
607 2791 906 2873 demonstrandum,
940 2791 1145 2875 quaestiones
1174 2789 1221 2852 in·

151 2899 260 2962 finitas
290 2909 322 2962 et
350 2899 458 2962 omnia
486 2920 605 2981 genera
634 2920 802 2962 causarum
831 2921 933 2982 aequo
961 2898 1029 2961 iure
1058 2897 1164 2960 locum
1187 2896 1221 2959 in

153 3007 278 3070 ratione
300 3005 429 3069 dicendi
454 3005 599 3069 obtinere
624 3005 840 3069 existimabat.
876 3005 979 3095 Nova.
994 3013 1101 3068 autem
1124 3003 1222 3089 parti·

151 3114 197 3176 tio
235 3113 364 3198 qualem
400 3113 540 3177 diximus
575 3135 659 3176 nova
694 3111 852 3197 quaedam
887 3121 1060 3197 praecepta
1095 3119 1223 3196 praeter

150 3219 258 3302 ipsam
282 3222 476 3287 divisionem
499 3222 682 3286 necessario
707 3221 824 3285 attulit.

495 3400 524 3463 3.
571 3399 626 3462 De
655 3399 887 3463 elocutione.

206 3597 209 3604 ,
243 3536 362 3601 Verum
386 3539 426 3602 ad
451 3540 663 3605 elocutionem
687 3540 924 3624 progredimur,
956 3562 1038 3624 quae
1061 3539 1096 3601 in
1118 3537 1223 3601 Parti-

151 3643 297 3708 tionibus
320 3644 356 3706 in
379 3644 458 3710 duas
483 3657 590 3731 partes
615 3647 735 3732 primas
760 3646 937 3726 diducitur,
974 3647 1021 3708 ita
1045 3656 1079 3707 ut
1103 3643 1222 3729 duplex

153 3751 197 3815 sit
231 3750 402 3835 eloquendi
433 3774 533 3834 genus
562 3763 617 3816 aut
645 3776 703 3817 sua
732 3762 846 3837 sponte
875 3752 982 3815 fusum
1009 3761 1064 3814 aut
1092 3774 1222 3816 versum

153 3868 250 3944 atque
274 3867 431 3921 mutatum
455 3854 499 3941 (5,
516 3856 581 3940 16).
616 3856 713 3938 Quod
737 3858 911 3923 discrimen
935 3859 1014 3923 alibi
1031 3882 1050 3922 a
1066 3855 1223 3924 Cicerone

151 3989 218 4030 non
248 3976 403 4031 servatur.
452 3964 569 4030 Totam
597 3967 684 4029 enim
710 3989 778 4030 rem
804 3962 942 4031 Crassus
970 3967 1004 4030 iu
1028 3967 1085 4031 lib.
1112 3967 1151 4032 de
1175 3990 1220 4031 or.

147 4059 196 4157 (3,
224 4076 275 4157 10,
302 4074 342 4138 37
361 4069 448 4160 sqq.)
478 4082 615 4159 quatuor
643 4074 788 4159 partibus
823 4073 976 4158 absolvit,
1014 4097 1097 4159 quae
1133 4096 1225 4159 prae-
