2746 4560
668 220 708 283 51

153 395 306 459 munibus
329 397 427 460 rebus
453 397 606 481 spectatis
630 397 781 483 bipertito
812 397 928 462 dividit
957 408 1128 484 partesque
1153 400 1221 464 eius

153 503 415 585 magnitudinem
431 503 530 566 animi
547 514 579 567 et
595 504 753 568 iustitiam
769 516 872 590 vocat.
912 503 1050 570 Omnem
1067 515 1175 570 autem
1186 508 1221 571 in

152 608 209 673 lib.
225 608 263 673 de
276 609 341 674 inv.
362 608 406 692 (2,
426 611 477 692 53,
498 611 562 675 159
580 606 666 695 sqq.)
686 612 839 675 virtutem
855 613 890 675 in
914 623 1051 697 quatuor
1073 613 1221 698 dispertit

149 737 193 779 cx
228 738 329 801 aequo
361 717 548 781 coniunctas
572 727 694 803 parteS,
730 719 763 782 in
793 718 1011 804 prudentiam,
1051 721 1218 803 iustitiam,

156 823 388 906 fortitudinem,
403 826 663 909 temperantiam
682 824 875 910 easdemque
893 836 1029 910 quatuor
1040 828 1219 893 honestatis

151 940 269 1015 partes,
295 931 482 995 nominibus
498 954 741 1016 nonnumquam
758 933 900 1015 mutatis,
927 933 1082 998 discernit
1098 945 1130 999 et
1145 957 1220 999 enu-

151 1047 255 1101 merat
278 1037 312 1101 in
336 1038 392 1102 lib.
419 1038 535 1102 defin.
560 1037 605 1121 (2,
625 1040 675 1122 14,
693 1041 736 1104 45
754 1062 839 1124 sqq..;
866 1039 904 1103 cf.
930 1041 959 1118 2,
983 1043 1033 1123 16,
1051 1037 1108 1123 51)
1132 1043 1220 1105 etin
1321 1043 1324 1047 ’

154 1144 346 1209 Tusculanis
381 1145 654 1231 disputationibus
689 1144 733 1229 (3,
752 1147 782 1229 8,
803 1148 843 1211 16
861 1142 947 1232 sqq.)
982 1160 1014 1211 et
1042 1148 1075 1210 in
1100 1149 1156 1212 lib.
1181 1147 1220 1212 de

139 1251 206 1315 off.
232 1249 276 1335 (1,
295 1255 324 1335 6,
345 1253 385 1317 18
402 1275 487 1338 sqq.3
524 1255 552 1336 1,
573 1256 601 1336 7,
620 1255 664 1320 20
684 1276 768 1339 sqq.;
807 1261 833 1336 l,
859 1256 909 1337 18,
932 1255 973 1319 61
992 1277 1080 1340 sqq.3
1119 1258 1147 1338 1,
1165 1256 1218 1337 27,

152 1359 196 1424 93
213 1356 311 1444 sqq),
349 1381 452 1444 neque
488 1360 581 1424 aliter
616 1372 651 1424 ut
674 1360 801 1424 videtur
834 1385 902 1425 rem
925 1361 1068 1426 instituit
1091 1362 1125 1425 in
1149 1383 1220 1447 pro-

152 1466 222 1551 prio
247 1489 342 1552 quem
366 1468 496 1552 scripsit
519 1467 557 1531 de
582 1479 718 1552 quatuor
741 1468 914 1532 virtutibus
937 1468 1022 1532 libro
1047 1464 1100 1550 (of.
1118 1467 1165 1532 M.
1181 1468 1218 1533 T.

150 1571 222 1639 Cic.
240 1575 369 1661 scripta,
393 1597 496 1658 recog.
515 1598 534 1638 a
557 1572 594 1640 C.
613 1575 650 1639 F.
664 1574 716 1639 W.
734 1575 899 1658 Muellero,
922 1574 1070 1661 parth.
1089 1576 1218 1641 votlss.

151 1704 182 1767 p.
201 1679 289 1764 340).
338 1681 435 1748 Omni
471 1683 569 1766 igitur
603 1685 637 1746 in
661 1682 895 1746 Partitionibus
930 1683 1049 1746 virtute
1083 1684 1117 1746 in
1146 1705 1219 1769 pru·
1249 1667 1251 1671 ¹

150 1788 297 1853 dentiam
321 1800 353 1854 et
376 1790 621 1875 temperantiam
647 1789 752 1854 divisa
775 1789 1070 1874 temperantiaeque
1094 1790 1219 1870 iustitia

150 1907 185 1959 et
207 1897 430 1980 magnitudine
455 1897 567 1978 animi,
597 1918 680 1980 quae
706 1895 928 1960 fortitudinem
961 1895 1113 1979 continet,
1143 1897 1216 1960 sub·

153 2003 257 2086 iectis,
295 2026 377 2088 quae
401 2004 435 2067 in
458 2004 592 2087 reliquis
627 2003 720 2067 libris
749 2012 885 2087 quatuor
919 2003 1054 2066 virtutes
1079 2012 1154 2066 sunt
1177 2003 1218 2066 ad

153 2111 234 2174 duas
258 2120 459 2173 revocantur.

244 2213 308 2295 Sed
333 2215 552 2300 quaerendum
577 2217 673 2279 etiam
702 2215 782 2279 illud
810 2224 925 2300 potest,
955 2238 1021 2279 non
1050 2226 1128 2300 quot
1155 2218 1219 2282 sint

154 2323 303 2406 virtutes,
331 2323 387 2386 sed
412 2324 528 2407 quibus
552 2324 583 2386 in
609 2324 706 2387 rebus
735 2324 837 2386 virtus
866 2323 970 2388 omnis
999 2333 1142 2387 vertatur
1165 2336 1219 2387 aut

154 2429 273 2512 quibus
309 2452 349 2492 ex
383 2429 525 2494 fontibus
560 2452 692 2493 manare
727 2429 882 2493 videatur.
934 2429 1098 2515 Adfirmat
1119 2431 1219 2516 igitur

154 2532 270 2600 Cicero
294 2537 329 2600 in
352 2537 408 2601 lib.
434 2537 473 2601 de
497 2536 549 2601 off.
575 2534 618 2620 (2,
637 2538 667 2620 5,
687 2533 743 2618 18)
766 2535 854 2621 (nam
879 2538 1015 2602 aliorum
1040 2540 1217 2605 sententias

151 2642 193 2706 de
217 2644 319 2708 initiis
343 2645 472 2709 virtutis
498 2667 576 2730 quas
600 2646 633 2708 in
656 2645 712 2709 lib.
735 2645 774 2708 de
797 2647 851 2709 fin.
873 2645 993 2731 profert
1013 2641 1215 2729 omittimus),

149 2773 281 2814 omnem
307 2752 455 2816 virtutem
479 2753 582 2816 tribus
612 2753 644 2815 in
680 2753 777 2817 rebus
802 2776 872 2817 esse
896 2754 1045 2838 positam,
1082 2776 1216 2837 quarum

151 2881 214 2921 una
238 2859 280 2923 sit
303 2859 336 2922 in
360 2859 446 2923 veris
470 2858 713 2945 perspiciendis,
739 2860 840 2941 altera
863 2861 897 2923 in
920 2861 1216 2945 perturbationibus

149 2966 250 3029 animi
291 2967 510 3050 continendis,
551 2967 648 3031 tertia
684 2968 719 3030 in
757 2966 943 3030 hominibus
982 2966 1146 3029 moderate
1185 2976 1217 3030 et

149 3073 289 3137 scienter
317 3074 455 3138 utendis.
503 3072 606 3137 Valde
635 3083 742 3136 autem
771 3084 881 3138 nostro
911 3072 1029 3136 iudicio
1059 3081 1157 3156 errat,
1188 3075 1216 3138 si

151 3181 236 3264 quis,
262 3202 358 3264 quem
381 3180 568 3245 admodum
588 3180 772 3263 Madvigius
797 3178 851 3262 (ad
870 3176 938 3244 Cic.
957 3179 1066 3243 defin.
1084 3181 1114 3262 4,
1133 3181 1162 3262 2,
1180 3177 1216 3262 4)

148 3298 183 3350 et
206 3282 396 3369 Hammon),
422 3287 576 3352 hocloco
606 3286 645 3350 de
673 3287 828 3350 virtutum
857 3287 1029 3370 partitione
1058 3271 1216 3372 disputari

150 3393 336 3457 arbitratur.
388 3395 473 3457 Nam
498 3390 611 3459 Cicero
641 3415 744 3478 neque
774 3395 918 3478 singulas
949 3394 1084 3458 virtutes
1113 3395 1214 3457 nomi·

151 3509 209 3562 nat
238 3509 269 3563 et
295 3499 412 3564 iisdem
440 3501 474 3562 in
498 3500 600 3583 libris,
637 3512 671 3564 ut
699 3512 794 3564 antea
823 3500 1122 3581 demonstravimus,
1160 3507 1214 3563 eas

150 3629 217 3670 non
240 3615 306 3670 tres
330 3605 387 3670 sed
411 3615 547 3690 quatuor
582 3629 652 3671 esse
686 3609 786 3691 ponit.
839 3604 984 3685 Quatuor
1019 3616 1095 3670 sunt
1117 3606 1215 3688 igitur

151 3715 286 3777 virtutes
310 3721 343 3777 et
364 3722 430 3777 tres
459 3713 617 3777 virtutum
642 3713 747 3777 fontes
776 3714 810 3777 in
833 3714 890 3777 lib.
916 3713 955 3776 de
983 3713 1035 3777 off.
1061 3712 1215 3797 discripta

239 3961 270 4027 ¹¹)
291 3957 333 4014 cf.
361 3957 396 4011 ad
423 3957 474 4013 loc.
494 3956 539 4026 (de
559 3957 602 4013 off.
616 3958 679 4027 2,5,
694 3958 738 4025 18)
768 3955 799 4011 Ο.
817 3955 903 4009 Heius
927 3956 955 4010 in
979 3956 1020 4011 cd.
1044 3956 1091 4011 lib.
1112 3955 1145 4011 de
1169 3957 1214 4013 off.

148 4066 174 4104 a.
196 4049 272 4104 1878.
