<?xml version="1.0" encoding="UTF-8"?>
<!DOCTYPE html PUBLIC "-//W3C//DTD XHTML 1.0 Transitional//EN"
    "http://www.w3.org/TR/xhtml1/DTD/xhtml1-transitional.dtd">
<html xmlns="http://www.w3.org/1999/xhtml" xml:lang="en" lang="en">
 <head>
  <title>
</title>
<meta http-equiv="Content-Type" content="text/html;charset=utf-8" />
  <meta name='ocr-system' content='tesseract 3.04.00' />
  <meta name='ocr-capabilities' content='ocr_page ocr_carea ocr_par ocr_line ocrx_word'/>
</head>
<body>
  <div class='ocr_page' id='page_1' title='image "./deciceronispart00mercgoog_0076.png"; bbox 0 0 2746 4560; ppageno 0'>
   <div class='ocr_carea' id='block_1_1' title="bbox 617 256 659 320">
    <p class='ocr_par' dir='ltr' id='par_1_1' title="bbox 617 256 659 320">
     <span class='ocr_line' id='line_1_1' title="bbox 617 256 659 320; baseline 0 0"><span class='ocrx_word' id='word_1_1' title='bbox 617 256 659 320; x_wconf 79' lang='lat'><strong>69</strong></span> 
     </span>
    </p>
   </div>
   <div class='ocr_carea' id='block_1_2' title="bbox 98 431 1174 4164">
    <p class='ocr_par' dir='ltr' id='par_1_2' title="bbox 98 431 1174 4164">
     <span class='ocr_line' id='line_1_2' title="bbox 100 431 1170 517; baseline 0 -21"><span class='ocrx_word' id='word_1_2' title='bbox 100 431 276 517; x_wconf 87' lang='lat' dir='ltr'><strong>eademque</strong></span> <span class='ocrx_word' id='word_1_3' title='bbox 302 432 472 517; x_wconf 75' lang='lat' dir='ltr'><strong>distinguit</strong></span> <span class='ocrx_word' id='word_1_4' title='bbox 494 432 526 496; x_wconf 93' lang='lat' dir='ltr'><strong>in</strong></span> <span class='ocrx_word' id='word_1_5' title='bbox 552 433 607 498; x_wconf 89' lang='lat' dir='ltr'><strong>lib.</strong></span> <span class='ocrx_word' id='word_1_6' title='bbox 634 433 673 496; x_wconf 95' lang='lat' dir='ltr'><strong>de</strong></span> <span class='ocrx_word' id='word_1_7' title='bbox 700 433 778 516; x_wconf 79' lang='lat' dir='ltr'><strong>inv,</strong></span> <span class='ocrx_word' id='word_1_8' title='bbox 815 433 910 517; x_wconf 91' lang='lat' dir='ltr'><strong>paulo</strong></span> <span class='ocrx_word' id='word_1_9' title='bbox 939 432 1034 498; x_wconf 87' lang='lat' dir='ltr'><strong>aliter</strong></span> <span class='ocrx_word' id='word_1_10' title='bbox 1064 442 1170 498; x_wconf 90' lang='lat' dir='ltr'><strong>autem</strong></span> 
     </span>
     <span class='ocr_line' id='line_1_3' title="bbox 99 539 1171 606; baseline 0.001 -3"><span class='ocrx_word' id='word_1_11' title='bbox 99 562 168 604; x_wconf 92' lang='lat' dir='ltr'><strong>rem</strong></span> <span class='ocrx_word' id='word_1_12' title='bbox 196 541 382 606; x_wconf 86' lang='lat' dir='ltr'><strong>universam</strong></span> <span class='ocrx_word' id='word_1_13' title='bbox 417 540 591 604; x_wconf 76' lang='lat' dir='ltr'><strong>distribuit.</strong></span> <span class='ocrx_word' id='word_1_14' title='bbox 645 539 751 605; x_wconf 91' lang='lat' dir='ltr'><strong>Locos</strong></span> <span class='ocrx_word' id='word_1_15' title='bbox 787 541 873 604; x_wconf 92' lang='lat' dir='ltr'><strong>enim</strong></span> <span class='ocrx_word' id='word_1_16' title='bbox 906 540 1108 604; x_wconf 90' lang='lat' dir='ltr'><strong>coniecturae</strong></span> <span class='ocrx_word' id='word_1_17' title='bbox 1136 541 1171 604; x_wconf 94' lang='lat' dir='ltr'><strong>in</strong></span> 
     </span>
     <span class='ocr_line' id='line_1_4' title="bbox 101 646 1171 732; baseline 0 -21"><span class='ocrx_word' id='word_1_18' title='bbox 101 668 240 730; x_wconf 89' lang='lat' dir='ltr'><strong>causam,</strong></span> <span class='ocrx_word' id='word_1_19' title='bbox 266 670 448 732; x_wconf 84' lang='lat' dir='ltr'>personam,</span> <span class='ocrx_word' id='word_1_20' title='bbox 477 646 608 730; x_wconf 89' lang='lat' dir='ltr'><strong>facturn,</strong></span> <span class='ocrx_word' id='word_1_21' title='bbox 649 669 843 732; x_wconf 90' lang='lat' dir='ltr'><strong>causamque</strong></span> <span class='ocrx_word' id='word_1_22' title='bbox 880 647 913 710; x_wconf 94' lang='lat' dir='ltr'><strong>in</strong></span> <span class='ocrx_word' id='word_1_23' title='bbox 943 647 1171 732; x_wconf 85' lang='lat' dir='ltr'><strong>impulsionem</strong></span> 
     </span>
     <span class='ocr_line' id='line_1_5' title="bbox 100 749 1170 840; baseline 0 -22"><span class='ocrx_word' id='word_1_24' title='bbox 100 764 133 818; x_wconf 93' lang='lat' dir='ltr'><strong>et</strong></span> <span class='ocrx_word' id='word_1_25' title='bbox 160 756 441 819; x_wconf 79' lang='lat' dir='ltr'><strong>ratiocinationem</strong></span> <span class='ocrx_word' id='word_1_26' title='bbox 470 754 586 819; x_wconf 89' lang='lat' dir='ltr'><strong>dividit</strong></span> <span class='ocrx_word' id='word_1_27' title='bbox 613 751 657 839; x_wconf 84' lang='lat'><strong>(2,</strong></span> <span class='ocrx_word' id='word_1_28' title='bbox 684 757 714 838; x_wconf 85' lang='lat'><strong>5,</strong></span> <span class='ocrx_word' id='word_1_29' title='bbox 741 756 780 819; x_wconf 78' lang='lat'><strong>17</strong></span> <span class='ocrx_word' id='word_1_30' title='bbox 799 749 900 840; x_wconf 84' lang='lat' dir='ltr'><strong>sqq),</strong></span> <span class='ocrx_word' id='word_1_31' title='bbox 941 777 1056 820; x_wconf 86' lang='lat' dir='ltr'><strong>causae</strong></span> <span class='ocrx_word' id='word_1_32' title='bbox 1094 777 1170 819; x_wconf 85' lang='lat' dir='ltr'><strong>vero</strong></span> 
     </span>
     <span class='ocr_line' id='line_1_6' title="bbox 99 858 1171 948; baseline 0 -23"><span class='ocrx_word' id='word_1_33' title='bbox 99 871 208 946; x_wconf 91' lang='lat' dir='ltr'><strong>partes</strong></span> <span class='ocrx_word' id='word_1_34' title='bbox 232 863 279 926; x_wconf 91' lang='lat' dir='ltr'><strong>ita</strong></span> <span class='ocrx_word' id='word_1_35' title='bbox 302 863 435 948; x_wconf 80' lang='lat' dir='ltr'><strong>exponit</strong></span> <span class='ocrx_word' id='word_1_36' title='bbox 452 871 487 926; x_wconf 89' lang='lat' dir='ltr'><strong>ut</strong></span> <span class='ocrx_word' id='word_1_37' title='bbox 501 863 642 947; x_wconf 90' lang='lat' dir='ltr'><strong>primum</strong></span> <span class='ocrx_word' id='word_1_38' title='bbox 659 863 896 926; x_wconf 78' lang='lat' dir='ltr'><strong>accusationem</strong></span> <span class='ocrx_word' id='word_1_39' title='bbox 914 858 948 944; x_wconf 68' lang='grc' dir='ltr'><strong>(ξ</strong></span> <span class='ocrx_word' id='word_1_40' title='bbox 966 859 1035 944; x_wconf 85' lang='grc'><strong>19),</strong></span> <span class='ocrx_word' id='word_1_41' title='bbox 1055 862 1171 926; x_wconf 89' lang='lat' dir='ltr'><strong>deinde</strong></span> 
     </span>
     <span class='ocr_line' id='line_1_7' title="bbox 102 965 1171 1055; baseline 0.001 -22"><span class='ocrx_word' id='word_1_42' title='bbox 102 969 319 1033; x_wconf 80' lang='lat' dir='ltr'><strong>defensionem</strong></span> <span class='ocrx_word' id='word_1_43' title='bbox 348 965 382 1052; x_wconf 68' lang='grc' dir='ltr'><strong>(ἓ</strong></span> <span class='ocrx_word' id='word_1_44' title='bbox 404 966 461 1052; x_wconf 78' lang='grc'><strong>25)</strong></span> <span class='ocrx_word' id='word_1_45' title='bbox 497 980 623 1034; x_wconf 90' lang='lat' dir='ltr'><strong>tractet.</strong></span> <span class='ocrx_word' id='word_1_46' title='bbox 674 969 717 1034; x_wconf 84' lang='lat' dir='ltr'><strong>Et</strong></span> <span class='ocrx_word' id='word_1_47' title='bbox 755 969 789 1033; x_wconf 93' lang='lat' dir='ltr'><strong>in</strong></span> <span class='ocrx_word' id='word_1_48' title='bbox 827 992 974 1054; x_wconf 91' lang='lat' dir='ltr'><strong>persona,</strong></span> <span class='ocrx_word' id='word_1_49' title='bbox 1015 970 1171 1055; x_wconf 90' lang='lat' dir='ltr'><strong>expositis</strong></span> 
     </span>
     <span class='ocr_line' id='line_1_8' title="bbox 99 1076 1171 1162; baseline 0 -22"><span class='ocrx_word' id='word_1_50' title='bbox 99 1077 189 1161; x_wconf 88' lang='lat' dir='ltr'><strong>prius</strong></span> <span class='ocrx_word' id='word_1_51' title='bbox 218 1077 258 1140; x_wconf 92' lang='lat' dir='ltr'><strong>iis</strong></span> <span class='ocrx_word' id='word_1_52' title='bbox 286 1078 383 1141; x_wconf 84' lang='lat' dir='ltr'><strong>rebus</strong></span> <span class='ocrx_word' id='word_1_53' title='bbox 417 1099 499 1162; x_wconf 90' lang='lat' dir='ltr'><strong>quae</strong></span> <span class='ocrx_word' id='word_1_54' title='bbox 536 1077 682 1162; x_wconf 91' lang='lat' dir='ltr'><strong>personis</strong></span> <span class='ocrx_word' id='word_1_55' title='bbox 722 1087 797 1141; x_wconf 91' lang='lat' dir='ltr'><strong>sunt</strong></span> <span class='ocrx_word' id='word_1_56' title='bbox 835 1077 1017 1158; x_wconf 85' lang='lat' dir='ltr'><strong>attributae,</strong></span> <span class='ocrx_word' id='word_1_57' title='bbox 1059 1076 1171 1140; x_wconf 90' lang='lat' dir='ltr'><strong>eadem</strong></span> 
     </span>
     <span class='ocr_line' id='line_1_9' title="bbox 100 1183 1171 1269; baseline -0.003 -21"><span class='ocrx_word' id='word_1_58' title='bbox 100 1195 197 1269; x_wconf 89' lang='lat' dir='ltr'><strong>atque</strong></span> <span class='ocrx_word' id='word_1_59' title='bbox 229 1184 264 1247; x_wconf 95' lang='lat' dir='ltr'><strong>in</strong></span> <span class='ocrx_word' id='word_1_60' title='bbox 299 1192 402 1249; x_wconf 88' lang='lat' dir='ltr'><strong>&#39;causa</strong></span> <span class='ocrx_word' id='word_1_61' title='bbox 432 1184 639 1249; x_wconf 90' lang='lat' dir='ltr'><strong>distinctione</strong></span> <span class='ocrx_word' id='word_1_62' title='bbox 669 1184 885 1248; x_wconf 87' lang='lat' dir='ltr'><strong>accusationis</strong></span> <span class='ocrx_word' id='word_1_63' title='bbox 914 1193 946 1248; x_wconf 91' lang='lat' dir='ltr'><strong>et</strong></span> <span class='ocrx_word' id='word_1_64' title='bbox 974 1183 1171 1247; x_wconf 90' lang='lat' dir='ltr'><strong>defensionis</strong></span> 
     </span>
     <span class='ocr_line' id='line_1_10' title="bbox 101 1287 1169 1376; baseline 0 -21"><span class='ocrx_word' id='word_1_65' title='bbox 101 1292 210 1356; x_wconf 89' lang='lat' dir='ltr'><strong>utitur.</strong></span> <span class='ocrx_word' id='word_1_66' title='bbox 259 1287 325 1355; x_wconf 86' lang='lat' dir='ltr'><strong>Sed</strong></span> <span class='ocrx_word' id='word_1_67' title='bbox 355 1292 382 1355; x_wconf 91' lang='lat' dir='ltr'><strong>si</strong></span> <span class='ocrx_word' id='word_1_68' title='bbox 412 1290 450 1356; x_wconf 94' lang='lat' dir='ltr'><strong>de</strong></span> <span class='ocrx_word' id='word_1_69' title='bbox 479 1292 550 1376; x_wconf 91' lang='lat' dir='ltr'><strong>ipsa</strong></span> <span class='ocrx_word' id='word_1_70' title='bbox 579 1314 676 1355; x_wconf 88' lang='lat' dir='ltr'><strong>causa</strong></span> <span class='ocrx_word' id='word_1_71' title='bbox 707 1290 875 1355; x_wconf 90' lang='lat' dir='ltr'><strong>tractanda</strong></span> <span class='ocrx_word' id='word_1_72' title='bbox 914 1287 966 1368; x_wconf 87' lang='lat' dir='ltr'><strong>(cf.</strong></span> <span class='ocrx_word' id='word_1_73' title='bbox 991 1313 1021 1375; x_wconf 93' lang='lat' dir='ltr'><strong>p.</strong></span> <span class='ocrx_word' id='word_1_74' title='bbox 1047 1312 1092 1355; x_wconf 94' lang='lat' dir='ltr'><strong>or.</strong></span> <span class='ocrx_word' id='word_1_75' title='bbox 1118 1290 1169 1372; x_wconf 83' lang='lat'><strong>36,</strong></span> 
     </span>
     <span class='ocr_line' id='line_1_11' title="bbox 102 1394 1172 1483; baseline -0.003 -20"><span class='ocrx_word' id='word_1_76' title='bbox 102 1399 166 1463; x_wconf 84' lang='lat'><strong>123</strong></span> <span class='ocrx_word' id='word_1_77' title='bbox 193 1394 253 1479; x_wconf 89' lang='lat' dir='ltr'><strong>in.)</strong></span> <span class='ocrx_word' id='word_1_78' title='bbox 292 1399 399 1483; x_wconf 92' lang='lat' dir='ltr'><strong>potius</strong></span> <span class='ocrx_word' id='word_1_79' title='bbox 439 1420 535 1482; x_wconf 90' lang='lat' dir='ltr'><strong>quam</strong></span> <span class='ocrx_word' id='word_1_80' title='bbox 579 1399 728 1463; x_wconf 89' lang='lat' dir='ltr'><strong>universe</strong></span> <span class='ocrx_word' id='word_1_81' title='bbox 768 1398 807 1462; x_wconf 91' lang='lat' dir='ltr'><strong>de</strong></span> <span class='ocrx_word' id='word_1_82' title='bbox 849 1398 930 1462; x_wconf 90' lang='lat' dir='ltr'><strong>locis</strong></span> <span class='ocrx_word' id='word_1_83' title='bbox 970 1398 1172 1464; x_wconf 88' lang='lat' dir='ltr'><strong>coniecturae</strong></span> 
     </span>
     <span class='ocr_line' id='line_1_12' title="bbox 101 1501 1173 1590; baseline -0.002 -21"><span class='ocrx_word' id='word_1_84' title='bbox 101 1502 155 1589; x_wconf 86' lang='lat' dir='ltr'><strong>(cf.</strong></span> <span class='ocrx_word' id='word_1_85' title='bbox 180 1528 210 1590; x_wconf 92' lang='lat' dir='ltr'><strong>p.</strong></span> <span class='ocrx_word' id='word_1_86' title='bbox 236 1530 280 1570; x_wconf 94' lang='lat' dir='ltr'><strong>or.</strong></span> <span class='ocrx_word' id='word_1_87' title='bbox 309 1508 359 1587; x_wconf 90' lang='lat'><strong>10,</strong></span> <span class='ocrx_word' id='word_1_88' title='bbox 386 1506 429 1570; x_wconf 86' lang='grc'><strong>34</strong></span> <span class='ocrx_word' id='word_1_89' title='bbox 452 1501 538 1590; x_wconf 87' lang='lat' dir='ltr'><strong>sqq.)</strong></span> <span class='ocrx_word' id='word_1_90' title='bbox 567 1505 740 1590; x_wconf 89' lang='lat' dir='ltr'><strong>quaeritur,</strong></span> <span class='ocrx_word' id='word_1_91' title='bbox 781 1529 881 1590; x_wconf 83' lang='lat' dir='ltr'><strong>prava</strong></span> <span class='ocrx_word' id='word_1_92' title='bbox 918 1505 974 1569; x_wconf 92' lang='lat' dir='ltr'><strong>illa</strong></span> <span class='ocrx_word' id='word_1_93' title='bbox 1006 1505 1089 1569; x_wconf 89' lang='lat' dir='ltr'><strong>ratio</strong></span> <span class='ocrx_word' id='word_1_94' title='bbox 1123 1514 1173 1568; x_wconf 89' lang='lat' dir='ltr'><strong>est</strong></span> 
     </span>
     <span class='ocr_line' id='line_1_13' title="bbox 102 1612 1172 1698; baseline -0.002 -22"><span class='ocrx_word' id='word_1_95' title='bbox 102 1635 165 1698; x_wconf 90' lang='lat' dir='ltr'><strong>qua</strong></span> <span class='ocrx_word' id='word_1_96' title='bbox 189 1613 244 1676; x_wconf 93' lang='lat' dir='ltr'><strong>uni</strong></span> <span class='ocrx_word' id='word_1_97' title='bbox 268 1613 365 1676; x_wconf 89' lang='lat' dir='ltr'><strong>alicui</strong></span> <span class='ocrx_word' id='word_1_98' title='bbox 393 1613 465 1676; x_wconf 91' lang='lat' dir='ltr'><strong>loco</strong></span> <span class='ocrx_word' id='word_1_99' title='bbox 494 1614 608 1698; x_wconf 91' lang='lat' dir='ltr'><strong>quiin</strong></span> <span class='ocrx_word' id='word_1_100' title='bbox 632 1613 871 1677; x_wconf 86' lang='lat' dir='ltr'><strong>accusationem</strong></span> <span class='ocrx_word' id='word_1_101' title='bbox 896 1621 928 1676; x_wconf 92' lang='lat' dir='ltr'><strong>et</strong></span> <span class='ocrx_word' id='word_1_102' title='bbox 951 1612 1172 1676; x_wconf 87' lang='lat' dir='ltr'><strong>defensionem</strong></span> 
     </span>
     <span class='ocr_line' id='line_1_14' title="bbox 102 1717 1172 1804; baseline -0.004 -20"><span class='ocrx_word' id='word_1_103' title='bbox 102 1720 189 1784; x_wconf 91' lang='lat' dir='ltr'><strong>cadit</strong></span> <span class='ocrx_word' id='word_1_104' title='bbox 224 1720 386 1784; x_wconf 91' lang='lat' dir='ltr'><strong>accusatio</strong></span> <span class='ocrx_word' id='word_1_105' title='bbox 422 1731 453 1784; x_wconf 91' lang='lat' dir='ltr'><strong>et</strong></span> <span class='ocrx_word' id='word_1_106' title='bbox 483 1719 627 1784; x_wconf 81' lang='lat' dir='ltr'><strong>defensio</strong></span> <span class='ocrx_word' id='word_1_107' title='bbox 656 1730 691 1784; x_wconf 91' lang='lat' dir='ltr'><strong>ut</strong></span> <span class='ocrx_word' id='word_1_108' title='bbox 713 1729 821 1804; x_wconf 90' lang='lat' dir='ltr'><strong>partes</strong></span> <span class='ocrx_word' id='word_1_109' title='bbox 846 1719 1056 1783; x_wconf 84' lang='lat' dir='ltr'><strong>subiciuntur.</strong></span> <span class='ocrx_word' id='word_1_110' title='bbox 1105 1717 1172 1780; x_wconf 91' lang='lat' dir='ltr'><strong>Pri·</strong></span> 
     </span>
     <span class='ocr_line' id='line_1_15' title="bbox 99 1827 1173 1916; baseline -0.003 -23"><span class='ocrx_word' id='word_1_111' title='bbox 99 1853 188 1893; x_wconf 92' lang='lat' dir='ltr'><strong>mum</strong></span> <span class='ocrx_word' id='word_1_112' title='bbox 224 1830 324 1913; x_wconf 84' lang='lat' dir='ltr'><strong>igitur</strong></span> <span class='ocrx_word' id='word_1_113' title='bbox 358 1830 422 1893; x_wconf 89' lang='lat' dir='ltr'><strong>loci</strong></span> <span class='ocrx_word' id='word_1_114' title='bbox 458 1840 662 1916; x_wconf 89' lang='lat' dir='ltr'><strong>exponuntur</strong></span> <span class='ocrx_word' id='word_1_115' title='bbox 695 1829 909 1893; x_wconf 87' lang='lat' dir='ltr'><strong>accusationis</strong></span> <span class='ocrx_word' id='word_1_116' title='bbox 939 1838 970 1891; x_wconf 90' lang='lat' dir='ltr'><strong>et</strong></span> <span class='ocrx_word' id='word_1_117' title='bbox 998 1827 1088 1890; x_wconf 89' lang='lat' dir='ltr'><strong>insiti</strong></span> <span class='ocrx_word' id='word_1_118' title='bbox 1118 1828 1173 1911; x_wconf 89' lang='lat' dir='ltr'><strong>qni</strong></span> 
     </span>
     <span class='ocr_line' id='line_1_16' title="bbox 98 1930 1172 2021; baseline -0.005 -20"><span class='ocrx_word' id='word_1_119' title='bbox 98 1938 248 2001; x_wconf 89' lang='lat' dir='ltr'><strong>dicuntur</strong></span> <span class='ocrx_word' id='word_1_120' title='bbox 271 1933 338 2020; x_wconf 83' lang='grc'>(32,</span> <span class='ocrx_word' id='word_1_121' title='bbox 359 1938 424 2001; x_wconf 87' lang='grc'><strong>110</strong></span> <span class='ocrx_word' id='word_1_122' title='bbox 440 1932 525 2021; x_wconf 92' lang='lat' dir='ltr'><strong>sqq.)</strong></span> <span class='ocrx_word' id='word_1_123' title='bbox 550 1951 581 2000; x_wconf 91' lang='lat' dir='ltr'><strong>et</strong></span> <span class='ocrx_word' id='word_1_124' title='bbox 605 1936 768 2020; x_wconf 89' lang='lat' dir='ltr'><strong>adsumpti</strong></span> <span class='ocrx_word' id='word_1_125' title='bbox 791 1930 1057 2019; x_wconf 78' lang='lat' dir='ltr'><strong>(34,11”lsqq.);</strong></span> <span class='ocrx_word' id='word_1_126' title='bbox 1090 1955 1172 2018; x_wconf 90' lang='lat' dir='ltr'><strong>quae</strong></span> 
     </span>
     <span class='ocr_line' id='line_1_17' title="bbox 100 2038 1169 2129; baseline -0.001 -22"><span class='ocrx_word' id='word_1_127' title='bbox 100 2045 162 2108; x_wconf 93' lang='lat' dir='ltr'><strong>duo</strong></span> <span class='ocrx_word' id='word_1_128' title='bbox 202 2067 320 2129; x_wconf 87' lang='lat' dir='ltr'><strong>genera</strong></span> <span class='ocrx_word' id='word_1_129' title='bbox 359 2045 455 2108; x_wconf 89' lang='lat' dir='ltr'><strong>etiam</strong></span> <span class='ocrx_word' id='word_1_130' title='bbox 490 2045 523 2107; x_wconf 93' lang='lat' dir='ltr'><strong>in</strong></span> <span class='ocrx_word' id='word_1_131' title='bbox 556 2044 612 2107; x_wconf 93' lang='lat' dir='ltr'><strong>lib.</strong></span> <span class='ocrx_word' id='word_1_132' title='bbox 644 2043 682 2107; x_wconf 91' lang='lat' dir='ltr'><strong>de</strong></span> <span class='ocrx_word' id='word_1_133' title='bbox 710 2045 775 2107; x_wconf 86' lang='lat' dir='ltr'><strong>inv.</strong></span> <span class='ocrx_word' id='word_1_134' title='bbox 800 2044 1015 2128; x_wconf 90' lang='lat' dir='ltr'><strong>respiciuntur</strong></span> <span class='ocrx_word' id='word_1_135' title='bbox 1053 2038 1107 2124; x_wconf 87' lang='lat' dir='ltr'><strong>(cf.</strong></span> <span class='ocrx_word' id='word_1_136' title='bbox 1136 2043 1169 2119; x_wconf 88' lang='grc'><strong>2,</strong></span> 
     </span>
     <span class='ocr_line' id='line_1_18' title="bbox 101 2147 1172 2235; baseline -0.004 -20"><span class='ocrx_word' id='word_1_137' title='bbox 101 2152 152 2233; x_wconf 82' lang='grc'><strong>14,</strong></span> <span class='ocrx_word' id='word_1_138' title='bbox 177 2150 247 2232; x_wconf 84' lang='grc'><strong>46).</strong></span> <span class='ocrx_word' id='word_1_139' title='bbox 295 2149 360 2229; x_wconf 77' lang='lat' dir='ltr'><strong>Qui</strong></span> <span class='ocrx_word' id='word_1_140' title='bbox 395 2159 502 2214; x_wconf 90' lang='lat' dir='ltr'><strong>autem</strong></span> <span class='ocrx_word' id='word_1_141' title='bbox 536 2151 570 2213; x_wconf 94' lang='lat' dir='ltr'><strong>in</strong></span> <span class='ocrx_word' id='word_1_142' title='bbox 603 2151 709 2235; x_wconf 89' lang='lat' dir='ltr'><strong>priore</strong></span> <span class='ocrx_word' id='word_1_143' title='bbox 749 2173 865 2234; x_wconf 84' lang='lat' dir='ltr'><strong>genere</strong></span> <span class='ocrx_word' id='word_1_144' title='bbox 899 2159 964 2214; x_wconf 89' lang='lat' dir='ltr'><strong>tres</strong></span> <span class='ocrx_word' id='word_1_145' title='bbox 992 2149 1027 2212; x_wconf 91' lang='lat' dir='ltr'><strong>in</strong></span> <span class='ocrx_word' id='word_1_146' title='bbox 1050 2148 1108 2214; x_wconf 86' lang='lat' dir='ltr'><strong>lib.</strong></span> <span class='ocrx_word' id='word_1_147' title='bbox 1133 2147 1172 2211; x_wconf 94' lang='lat' dir='ltr'><strong>de</strong></span> 
     </span>
     <span class='ocr_line' id='line_1_19' title="bbox 101 2253 1172 2343; baseline -0.003 -22"><span class='ocrx_word' id='word_1_148' title='bbox 101 2259 168 2322; x_wconf 92' lang='lat' dir='ltr'><strong>inv.</strong></span> <span class='ocrx_word' id='word_1_149' title='bbox 197 2259 260 2321; x_wconf 88' lang='lat' dir='ltr'><strong>loci</strong></span> <span class='ocrx_word' id='word_1_150' title='bbox 291 2268 374 2339; x_wconf 88' lang='lat' dir='ltr'><strong>sunt,</strong></span> <span class='ocrx_word' id='word_1_151' title='bbox 413 2280 519 2339; x_wconf 85' lang='lat' dir='ltr'><strong>causa,</strong></span> <span class='ocrx_word' id='word_1_152' title='bbox 559 2280 705 2343; x_wconf 88' lang='lat' dir='ltr'><strong>persona,</strong></span> <span class='ocrx_word' id='word_1_153' title='bbox 745 2257 875 2340; x_wconf 86' lang='lat' dir='ltr'><strong>factum,</strong></span> <span class='ocrx_word' id='word_1_154' title='bbox 911 2279 965 2320; x_wconf 92' lang='lat' dir='ltr'><strong>eos</strong></span> <span class='ocrx_word' id='word_1_155' title='bbox 994 2253 1110 2320; x_wconf 84' lang='lat' dir='ltr'><strong>Cicero</strong></span> <span class='ocrx_word' id='word_1_156' title='bbox 1138 2256 1172 2318; x_wconf 92' lang='lat' dir='ltr'><strong>in</strong></span> 
     </span>
     <span class='ocr_line' id='line_1_20' title="bbox 101 2361 1172 2448; baseline -0.002 -20"><span class='ocrx_word' id='word_1_157' title='bbox 101 2364 333 2429; x_wconf 86' lang='lat' dir='ltr'><strong>Partitionibus</strong></span> <span class='ocrx_word' id='word_1_158' title='bbox 373 2364 435 2429; x_wconf 90' lang='lat' dir='ltr'><strong>duo</strong></span> <span class='ocrx_word' id='word_1_159' title='bbox 465 2364 553 2448; x_wconf 86' lang='lat' dir='ltr'><strong>facit,</strong></span> <span class='ocrx_word' id='word_1_160' title='bbox 594 2386 723 2429; x_wconf 89' lang='lat' dir='ltr'><strong>causam</strong></span> <span class='ocrx_word' id='word_1_161' title='bbox 762 2376 793 2428; x_wconf 92' lang='lat' dir='ltr'><strong>et</strong></span> <span class='ocrx_word' id='word_1_162' title='bbox 837 2374 996 2428; x_wconf 90' lang='lat' dir='ltr'><strong>eventum.</strong></span> <span class='ocrx_word' id='word_1_163' title='bbox 1044 2361 1172 2442; x_wconf 83' lang='lat' dir='ltr'><strong>Quibus</strong></span> 
     </span>
     <span class='ocr_line' id='line_1_21' title="bbox 102 2469 1171 2556; baseline -0.001 -22"><span class='ocrx_word' id='word_1_164' title='bbox 102 2472 189 2535; x_wconf 90' lang='lat' dir='ltr'><strong>enim</strong></span> <span class='ocrx_word' id='word_1_165' title='bbox 224 2472 321 2536; x_wconf 90' lang='lat' dir='ltr'><strong>rebus</strong></span> <span class='ocrx_word' id='word_1_166' title='bbox 357 2471 572 2536; x_wconf 89' lang='lat' dir='ltr'><strong>demonstrari</strong></span> <span class='ocrx_word' id='word_1_167' title='bbox 607 2472 689 2536; x_wconf 89' lang='lat' dir='ltr'><strong>solet</strong></span> <span class='ocrx_word' id='word_1_168' title='bbox 715 2494 871 2556; x_wconf 89' lang='lat' dir='ltr'><strong>personas</strong></span> <span class='ocrx_word' id='word_1_169' title='bbox 895 2471 1105 2556; x_wconf 87' lang='lat' dir='ltr'><strong>procliviores</strong></span> <span class='ocrx_word' id='word_1_170' title='bbox 1130 2469 1171 2533; x_wconf 91' lang='lat' dir='ltr'><strong>ad</strong></span> 
     </span>
     <span class='ocr_line' id='line_1_22' title="bbox 99 2580 1173 2668; baseline 0.001 -25"><span class='ocrx_word' id='word_1_171' title='bbox 99 2580 222 2643; x_wconf 90' lang='lat' dir='ltr'><strong>factum</strong></span> <span class='ocrx_word' id='word_1_172' title='bbox 244 2580 354 2664; x_wconf 91' lang='lat' dir='ltr'><strong>fnisse,</strong></span> <span class='ocrx_word' id='word_1_173' title='bbox 380 2603 434 2645; x_wconf 90' lang='lat' dir='ltr'><strong>eas</strong></span> <span class='ocrx_word' id='word_1_174' title='bbox 459 2582 492 2644; x_wconf 93' lang='lat' dir='ltr'><strong>in</strong></span> <span class='ocrx_word' id='word_1_175' title='bbox 518 2582 623 2646; x_wconf 90' lang='lat' dir='ltr'><strong>causis</strong></span> <span class='ocrx_word' id='word_1_176' title='bbox 646 2581 724 2645; x_wconf 92' lang='lat' dir='ltr'><strong>facti</strong></span> <span class='ocrx_word' id='word_1_177' title='bbox 748 2583 848 2668; x_wconf 92' lang='lat' dir='ltr'><strong>ponit.</strong></span> <span class='ocrx_word' id='word_1_178' title='bbox 910 2581 978 2645; x_wconf 89' lang='lat' dir='ltr'><strong>Iam</strong></span> <span class='ocrx_word' id='word_1_179' title='bbox 1004 2581 1038 2645; x_wconf 93' lang='lat' dir='ltr'><strong>in</strong></span> <span class='ocrx_word' id='word_1_180' title='bbox 1063 2603 1173 2645; x_wconf 90' lang='lat' dir='ltr'><strong>causa·</strong></span> 
     </span>
     <span class='ocr_line' id='line_1_23' title="bbox 100 2687 1169 2774; baseline 0 -23"><span class='ocrx_word' id='word_1_181' title='bbox 100 2711 172 2751; x_wconf 89' lang='lat' dir='ltr'><strong>rum</strong></span> <span class='ocrx_word' id='word_1_182' title='bbox 196 2689 377 2774; x_wconf 86' lang='lat' dir='ltr'><strong>praeceptis</strong></span> <span class='ocrx_word' id='word_1_183' title='bbox 401 2688 442 2752; x_wconf 92' lang='lat' dir='ltr'><strong>ad</strong></span> <span class='ocrx_word' id='word_1_184' title='bbox 468 2689 684 2752; x_wconf 89' lang='lat' dir='ltr'><strong>coniecturam</strong></span> <span class='ocrx_word' id='word_1_185' title='bbox 708 2688 930 2753; x_wconf 88' lang='lat' dir='ltr'><strong>accommodat</strong></span> <span class='ocrx_word' id='word_1_186' title='bbox 965 2710 1046 2774; x_wconf 88' lang='lat' dir='ltr'><strong>quae</strong></span> <span class='ocrx_word' id='word_1_187' title='bbox 1074 2687 1169 2751; x_wconf 93' lang='lat' dir='ltr'><strong>modo</strong></span> 
     </span>
     <span class='ocr_line' id='line_1_24' title="bbox 100 2795 1172 2880; baseline -0.002 -22"><span class='ocrx_word' id='word_1_188' title='bbox 100 2796 133 2859; x_wconf 92' lang='lat' dir='ltr'><strong>in</strong></span> <span class='ocrx_word' id='word_1_189' title='bbox 159 2795 365 2861; x_wconf 90' lang='lat' dir='ltr'><strong>suasionibus</strong></span> <span class='ocrx_word' id='word_1_190' title='bbox 389 2796 567 2860; x_wconf 90' lang='lat' dir='ltr'><strong>tractandis</strong></span> <span class='ocrx_word' id='word_1_191' title='bbox 593 2796 631 2860; x_wconf 91' lang='lat' dir='ltr'><strong>de</strong></span> <span class='ocrx_word' id='word_1_192' title='bbox 661 2799 776 2880; x_wconf 89' lang='lat' dir='ltr'><strong>causis,</strong></span> <span class='ocrx_word' id='word_1_193' title='bbox 815 2797 854 2860; x_wconf 91' lang='lat' dir='ltr'><strong>de</strong></span> <span class='ocrx_word' id='word_1_194' title='bbox 883 2797 1031 2877; x_wconf 90' lang='lat' dir='ltr'><strong>utilitate,</strong></span> <span class='ocrx_word' id='word_1_195' title='bbox 1069 2795 1172 2878; x_wconf 91' lang='lat' dir='ltr'><strong>deque</strong></span> 
     </span>
     <span class='ocr_line' id='line_1_25' title="bbox 101 2901 1173 2989; baseline -0.003 -23"><span class='ocrx_word' id='word_1_196' title='bbox 101 2902 264 2966; x_wconf 89' lang='lat' dir='ltr'><strong>efficiendi</strong></span> <span class='ocrx_word' id='word_1_197' title='bbox 286 2904 412 2967; x_wconf 92' lang='lat' dir='ltr'><strong>ratione</strong></span> <span class='ocrx_word' id='word_1_198' title='bbox 435 2913 651 2989; x_wconf 87' lang='lat' dir='ltr'><strong>praeceperat.</strong></span> <span class='ocrx_word' id='word_1_199' title='bbox 690 2904 742 2967; x_wconf 91' lang='lat' dir='ltr'><strong>Ita</strong></span> <span class='ocrx_word' id='word_1_200' title='bbox 766 2904 863 2967; x_wconf 88' lang='lat' dir='ltr'><strong>etiam</strong></span> <span class='ocrx_word' id='word_1_201' title='bbox 887 2901 1072 2966; x_wconf 89' lang='lat' dir='ltr'><strong>summatim</strong></span> <span class='ocrx_word' id='word_1_202' title='bbox 1089 2922 1173 2963; x_wconf 92' lang='lat' dir='ltr'><strong>com·</strong></span> 
     </span>
     <span class='ocr_line' id='line_1_26' title="bbox 100 3007 1173 3095; baseline -0.003 -22"><span class='ocrx_word' id='word_1_203' title='bbox 100 3009 273 3094; x_wconf 89' lang='lat' dir='ltr'><strong>prehendit</strong></span> <span class='ocrx_word' id='word_1_204' title='bbox 310 3033 393 3095; x_wconf 91' lang='lat' dir='ltr'><strong>quae</strong></span> <span class='ocrx_word' id='word_1_205' title='bbox 431 3011 498 3075; x_wconf 89' lang='lat' dir='ltr'><strong>fere</strong></span> <span class='ocrx_word' id='word_1_206' title='bbox 526 3012 560 3074; x_wconf 93' lang='lat' dir='ltr'><strong>in</strong></span> <span class='ocrx_word' id='word_1_207' title='bbox 588 3011 644 3075; x_wconf 91' lang='lat' dir='ltr'><strong>lib.</strong></span> <span class='ocrx_word' id='word_1_208' title='bbox 674 3010 714 3074; x_wconf 91' lang='lat' dir='ltr'><strong>de</strong></span> <span class='ocrx_word' id='word_1_209' title='bbox 744 3012 809 3075; x_wconf 88' lang='lat' dir='ltr'><strong>inv.</strong></span> <span class='ocrx_word' id='word_1_210' title='bbox 839 3011 873 3073; x_wconf 93' lang='lat' dir='ltr'><strong>in</strong></span> <span class='ocrx_word' id='word_1_211' title='bbox 903 3031 1018 3073; x_wconf 87' lang='lat' dir='ltr'><strong>causae</strong></span> <span class='ocrx_word' id='word_1_212' title='bbox 1047 3007 1173 3092; x_wconf 90' lang='lat' dir='ltr'><strong>exposi-</strong></span> 
     </span>
     <span class='ocr_line' id='line_1_27' title="bbox 101 3113 1173 3202; baseline -0.002 -22"><span class='ocrx_word' id='word_1_213' title='bbox 101 3118 188 3182; x_wconf 90' lang='lat' dir='ltr'><strong>tione</strong></span> <span class='ocrx_word' id='word_1_214' title='bbox 213 3117 253 3181; x_wconf 92' lang='lat' dir='ltr'><strong>de</strong></span> <span class='ocrx_word' id='word_1_215' title='bbox 276 3119 523 3182; x_wconf 88' lang='lat' dir='ltr'><strong>ratiocinatione</strong></span> <span class='ocrx_word' id='word_1_216' title='bbox 558 3113 602 3200; x_wconf 89' lang='grc'><strong>(2,</strong></span> <span class='ocrx_word' id='word_1_217' title='bbox 629 3119 658 3198; x_wconf 85' lang='grc'><strong>6,</strong></span> <span class='ocrx_word' id='word_1_218' title='bbox 685 3113 741 3200; x_wconf 88' lang='grc'><strong>20)</strong></span> <span class='ocrx_word' id='word_1_219' title='bbox 766 3128 798 3182; x_wconf 87' lang='lat' dir='ltr'><strong>et</strong></span> <span class='ocrx_word' id='word_1_220' title='bbox 830 3117 865 3180; x_wconf 89' lang='lat' dir='ltr'><strong>in</strong></span> <span class='ocrx_word' id='word_1_221' title='bbox 894 3137 1051 3202; x_wconf 88' lang='lat' dir='ltr'><strong>personae</strong></span> <span class='ocrx_word' id='word_1_222' title='bbox 1083 3136 1173 3200; x_wconf 89' lang='lat' dir='ltr'><strong>prae·</strong></span> 
     </span>
     <span class='ocr_line' id='line_1_28' title="bbox 102 3221 1172 3310; baseline -0.004 -21"><span class='ocrx_word' id='word_1_223' title='bbox 102 3225 203 3309; x_wconf 87' lang='lat' dir='ltr'><strong>ceptis</strong></span> <span class='ocrx_word' id='word_1_224' title='bbox 228 3222 272 3305; x_wconf 91' lang='grc'><strong>(2,</strong></span> <span class='ocrx_word' id='word_1_225' title='bbox 299 3227 329 3305; x_wconf 85' lang='grc'><strong>9,</strong></span> <span class='ocrx_word' id='word_1_226' title='bbox 356 3226 397 3290; x_wconf 90' lang='grc'><strong>28</strong></span> <span class='ocrx_word' id='word_1_227' title='bbox 415 3221 501 3310; x_wconf 88' lang='lat' dir='ltr'><strong>sqq.)</strong></span> <span class='ocrx_word' id='word_1_228' title='bbox 526 3224 661 3288; x_wconf 85' lang='lat' dir='ltr'><strong>dixerat.</strong></span> <span class='ocrx_word' id='word_1_229' title='bbox 708 3224 752 3288; x_wconf 88' lang='lat' dir='ltr'><strong>Et</strong></span> <span class='ocrx_word' id='word_1_230' title='bbox 786 3246 867 3308; x_wconf 92' lang='lat' dir='ltr'><strong>quae</strong></span> <span class='ocrx_word' id='word_1_231' title='bbox 897 3223 935 3286; x_wconf 94' lang='lat' dir='ltr'><strong>de</strong></span> <span class='ocrx_word' id='word_1_232' title='bbox 961 3231 1049 3286; x_wconf 89' lang='lat' dir='ltr'><strong>motu</strong></span> <span class='ocrx_word' id='word_1_233' title='bbox 1072 3222 1172 3285; x_wconf 91' lang='lat' dir='ltr'><strong>animi</strong></span> 
     </span>
     <span class='ocr_line' id='line_1_29' title="bbox 102 3327 1174 3416; baseline -0.005 -20"><span class='ocrx_word' id='word_1_234' title='bbox 102 3340 280 3415; x_wconf 90' lang='lat' dir='ltr'><strong>sequuntur</strong></span> <span class='ocrx_word' id='word_1_235' title='bbox 315 3327 426 3415; x_wconf 85' lang='lat' dir='ltr'><strong>(por.</strong></span> <span class='ocrx_word' id='word_1_236' title='bbox 451 3333 501 3413; x_wconf 86' lang='grc'><strong>32,</strong></span> <span class='ocrx_word' id='word_1_237' title='bbox 526 3327 605 3413; x_wconf 91' lang='grc'><strong>112)</strong></span> <span class='ocrx_word' id='word_1_238' title='bbox 634 3331 746 3395; x_wconf 89' lang='lat' dir='ltr'><strong>eadem</strong></span> <span class='ocrx_word' id='word_1_239' title='bbox 770 3331 902 3395; x_wconf 89' lang='lat' dir='ltr'><strong>suntin</strong></span> <span class='ocrx_word' id='word_1_240' title='bbox 927 3330 1043 3416; x_wconf 89' lang='lat' dir='ltr'><strong>quibus</strong></span> <span class='ocrx_word' id='word_1_241' title='bbox 1068 3329 1174 3414; x_wconf 90' lang='lat' dir='ltr'><strong>posita</strong></span> 
     </span>
     <span class='ocr_line' id='line_1_30' title="bbox 102 3433 1173 3523; baseline -0.004 -20"><span class='ocrx_word' id='word_1_242' title='bbox 102 3449 152 3503; x_wconf 87' lang='lat' dir='ltr'><strong>est</strong></span> <span class='ocrx_word' id='word_1_243' title='bbox 185 3437 336 3523; x_wconf 90' lang='lat' dir='ltr'><strong>impulsio</strong></span> <span class='ocrx_word' id='word_1_244' title='bbox 373 3433 426 3520; x_wconf 88' lang='lat' dir='ltr'><strong>(cf.</strong></span> <span class='ocrx_word' id='word_1_245' title='bbox 453 3438 490 3502; x_wconf 89' lang='lat' dir='ltr'><strong>de</strong></span> <span class='ocrx_word' id='word_1_246' title='bbox 514 3440 579 3502; x_wconf 85' lang='lat' dir='ltr'><strong>inv.</strong></span> <span class='ocrx_word' id='word_1_247' title='bbox 605 3440 634 3521; x_wconf 88' lang='grc'><strong>2,</strong></span> <span class='ocrx_word' id='word_1_248' title='bbox 660 3440 690 3520; x_wconf 80' lang='lat' dir='ltr'><strong>b,</strong></span> <span class='ocrx_word' id='word_1_249' title='bbox 718 3435 783 3520; x_wconf 83' lang='lat'><strong>19).</strong></span> <span class='ocrx_word' id='word_1_250' title='bbox 830 3438 944 3523; x_wconf 90' lang='lat' dir='ltr'><strong>Neque</strong></span> <span class='ocrx_word' id='word_1_251' title='bbox 973 3438 1054 3502; x_wconf 90' lang='lat' dir='ltr'><strong>alter</strong></span> <span class='ocrx_word' id='word_1_252' title='bbox 1082 3457 1173 3500; x_wconf 89' lang='lat' dir='ltr'><strong>accu-</strong></span> 
     </span>
     <span class='ocr_line' id='line_1_31' title="bbox 103 3542 1172 3629; baseline -0.006 -20"><span class='ocrx_word' id='word_1_253' title='bbox 103 3544 239 3609; x_wconf 90' lang='lat' dir='ltr'><strong>sationis</strong></span> <span class='ocrx_word' id='word_1_254' title='bbox 274 3544 364 3607; x_wconf 90' lang='lat' dir='ltr'><strong>locus</strong></span> <span class='ocrx_word' id='word_1_255' title='bbox 400 3545 453 3628; x_wconf 93' lang='lat' dir='ltr'><strong>qui</strong></span> <span class='ocrx_word' id='word_1_256' title='bbox 484 3556 618 3608; x_wconf 88' lang='lat' dir='ltr'><strong>eventus</strong></span> <span class='ocrx_word' id='word_1_257' title='bbox 647 3556 781 3609; x_wconf 86' lang='lat' dir='ltr'><strong>vocatur</strong></span> <span class='ocrx_word' id='word_1_258' title='bbox 804 3546 1008 3629; x_wconf 82' lang='lat' dir='ltr'><strong>maximeque</strong></span> <span class='ocrx_word' id='word_1_259' title='bbox 1033 3567 1073 3607; x_wconf 88' lang='lat' dir='ltr'><strong>ex</strong></span> <span class='ocrx_word' id='word_1_260' title='bbox 1095 3542 1172 3606; x_wconf 86' lang='lat' dir='ltr'><strong>facti</strong></span> 
     </span>
     <span class='ocr_line' id='line_1_32' title="bbox 104 3649 1171 3736; baseline -0.001 -23"><span class='ocrx_word' id='word_1_261' title='bbox 104 3651 251 3734; x_wconf 83' lang='lat' dir='ltr'><strong>vestigiis</strong></span> <span class='ocrx_word' id='word_1_262' title='bbox 288 3661 415 3714; x_wconf 90' lang='lat' dir='ltr'><strong>constat</strong></span> <span class='ocrx_word' id='word_1_263' title='bbox 449 3675 565 3715; x_wconf 90' lang='lat' dir='ltr'><strong>novam</strong></span> <span class='ocrx_word' id='word_1_264' title='bbox 602 3651 762 3736; x_wconf 92' lang='lat' dir='ltr'><strong>quandam</strong></span> <span class='ocrx_word' id='word_1_265' title='bbox 788 3650 972 3736; x_wconf 88' lang='lat' dir='ltr'><strong>suppeditat</strong></span> <span class='ocrx_word' id='word_1_266' title='bbox 995 3649 1171 3713; x_wconf 87' lang='lat' dir='ltr'><strong>materiam.</strong></span> 
     </span>
     <span class='ocr_line' id='line_1_33' title="bbox 104 3756 1172 3842; baseline -0.005 -20"><span class='ocrx_word' id='word_1_267' title='bbox 104 3759 178 3823; x_wconf 89' lang='lat' dir='ltr'><strong>Non</strong></span> <span class='ocrx_word' id='word_1_268' title='bbox 202 3766 269 3821; x_wconf 91' lang='lat' dir='ltr'><strong>tam</strong></span> <span class='ocrx_word' id='word_1_269' title='bbox 294 3758 378 3821; x_wconf 90' lang='lat' dir='ltr'><strong>enim</strong></span> <span class='ocrx_word' id='word_1_270' title='bbox 404 3757 443 3821; x_wconf 90' lang='lat' dir='ltr'><strong>de</strong></span> <span class='ocrx_word' id='word_1_271' title='bbox 466 3757 551 3821; x_wconf 90' lang='lat' dir='ltr'><strong>facto</strong></span> <span class='ocrx_word' id='word_1_272' title='bbox 574 3758 645 3842; x_wconf 91' lang='lat' dir='ltr'><strong>ipso</strong></span> <span class='ocrx_word' id='word_1_273' title='bbox 669 3759 703 3820; x_wconf 93' lang='lat' dir='ltr'><strong>in</strong></span> <span class='ocrx_word' id='word_1_274' title='bbox 727 3757 796 3821; x_wconf 90' lang='lat' dir='ltr'><strong>eius</strong></span> <span class='ocrx_word' id='word_1_275' title='bbox 819 3757 882 3820; x_wconf 94' lang='lat' dir='ltr'><strong>loci</strong></span> <span class='ocrx_word' id='word_1_276' title='bbox 907 3757 962 3841; x_wconf 91' lang='lat' dir='ltr'><strong>qui</strong></span> <span class='ocrx_word' id='word_1_277' title='bbox 982 3756 1102 3820; x_wconf 89' lang='lat' dir='ltr'><strong>factum</strong></span> <span class='ocrx_word' id='word_1_278' title='bbox 1119 3777 1172 3839; x_wconf 91' lang='lat' dir='ltr'><strong>ap-</strong></span> 
     </span>
     <span class='ocr_line' id='line_1_34' title="bbox 104 3863 1172 3950; baseline -0.003 -22"><span class='ocrx_word' id='word_1_279' title='bbox 104 3864 241 3950; x_wconf 89' lang='lat' dir='ltr'><strong>pellatur</strong></span> <span class='ocrx_word' id='word_1_280' title='bbox 276 3864 467 3928; x_wconf 85' lang='lat' dir='ltr'><strong>tractatione</strong></span> <span class='ocrx_word' id='word_1_281' title='bbox 503 3864 671 3928; x_wconf 88' lang='lat' dir='ltr'><strong>disseritur</strong></span> <span class='ocrx_word' id='word_1_282' title='bbox 706 3885 803 3949; x_wconf 92' lang='lat' dir='ltr'><strong>quam</strong></span> <span class='ocrx_word' id='word_1_283' title='bbox 839 3863 877 3926; x_wconf 91' lang='lat' dir='ltr'><strong>de</strong></span> <span class='ocrx_word' id='word_1_284' title='bbox 905 3864 946 3927; x_wconf 91' lang='lat' dir='ltr'><strong>iis</strong></span> <span class='ocrx_word' id='word_1_285' title='bbox 970 3863 1066 3927; x_wconf 89' lang='lat' dir='ltr'><strong>rebus</strong></span> <span class='ocrx_word' id='word_1_286' title='bbox 1091 3884 1172 3946; x_wconf 93' lang='lat' dir='ltr'><strong>quae</strong></span> 
     </span>
     <span class='ocr_line' id='line_1_35' title="bbox 103 3965 1172 4056; baseline -0.003 -20"><span class='ocrx_word' id='word_1_287' title='bbox 103 3972 223 4036; x_wconf 88' lang='lat' dir='ltr'><strong>factum</strong></span> <span class='ocrx_word' id='word_1_288' title='bbox 262 3980 440 4056; x_wconf 90' lang='lat' dir='ltr'><strong>sequuntur</strong></span> <span class='ocrx_word' id='word_1_289' title='bbox 478 3980 533 4035; x_wconf 90' lang='lat' dir='ltr'><strong>aut</strong></span> <span class='ocrx_word' id='word_1_290' title='bbox 572 3993 644 4034; x_wconf 90' lang='lat' dir='ltr'><strong>curn</strong></span> <span class='ocrx_word' id='word_1_291' title='bbox 687 3992 724 4034; x_wconf 90' lang='lat' dir='ltr'><strong>eo</strong></span> <span class='ocrx_word' id='word_1_292' title='bbox 764 3971 1001 4054; x_wconf 88' lang='lat' dir='ltr'><strong>coniunguntur</strong></span> <span class='ocrx_word' id='word_1_293' title='bbox 1039 3965 1093 4052; x_wconf 86' lang='lat' dir='ltr'><strong>(cf.</strong></span> <span class='ocrx_word' id='word_1_294' title='bbox 1133 3969 1172 4033; x_wconf 90' lang='lat' dir='ltr'><strong>de</strong></span> 
     </span>
     <span class='ocr_line' id='line_1_36' title="bbox 103 4075 1173 4164; baseline -0.001 -22"><span class='ocrx_word' id='word_1_295' title='bbox 103 4079 169 4143; x_wconf 89' lang='lat' dir='ltr'><strong>inv.</strong></span> <span class='ocrx_word' id='word_1_296' title='bbox 195 4081 229 4162; x_wconf 92' lang='grc'><strong>2,</strong></span> <span class='ocrx_word' id='word_1_297' title='bbox 258 4081 311 4162; x_wconf 87' lang='grc'><strong>12,</strong></span> <span class='ocrx_word' id='word_1_298' title='bbox 339 4075 413 4162; x_wconf 84' lang='lat'><strong>38),</strong></span> <span class='ocrx_word' id='word_1_299' title='bbox 456 4079 490 4143; x_wconf 92' lang='lat' dir='ltr'><strong>in</strong></span> <span class='ocrx_word' id='word_1_300' title='bbox 535 4077 651 4164; x_wconf 90' lang='lat' dir='ltr'><strong>quibus</strong></span> <span class='ocrx_word' id='word_1_301' title='bbox 696 4079 791 4142; x_wconf 90' lang='lat' dir='ltr'><strong>etiam</strong></span> <span class='ocrx_word' id='word_1_302' title='bbox 832 4088 965 4144; x_wconf 89' lang='lat' dir='ltr'><strong>eventus</strong></span> <span class='ocrx_word' id='word_1_303' title='bbox 1004 4078 1173 4163; x_wconf 82' lang='lat' dir='ltr'><strong>attingitur</strong></span> 
     </span>
    </p>
   </div>
   <div class='ocr_carea' id='block_1_3' title="bbox 0 0 1381 4560">
    <p class='ocr_par' dir='ltr' id='par_1_3' title="bbox 0 0 1381 4560">
     <span class='ocr_line' id='line_1_37' title="bbox 0 0 1381 4560; baseline 0 0"><span class='ocrx_word' id='word_1_304' title='bbox 0 0 1381 4560; x_wconf 95' lang='lat' dir='ltr'><strong> </strong></span> 
     </span>
    </p>
   </div>
  </div>
 </body>
</html>
