2746 4560
666 228 708 292 59

151 428 189 469 ea
224 428 305 490 6666
340 407 373 470 16
404 405 692 471 deliberationibus
723 405 786 469 dici
814 414 947 491 possent
975 405 1014 468 de
1037 404 1217 470 honestate.

149 513 201 576 Ita
236 512 277 576 ad
313 513 507 578 sententiam
530 513 775 577 Aristotelicam
809 512 999 577 revertendo
1028 534 1217 597 progressus

150 629 201 683 est
223 616 267 704 (p.
293 643 337 684 or.
363 620 415 702 24,
441 620 498 701 83,
524 631 588 704 top.
615 620 667 703 24,
693 615 759 700 91).
800 619 843 683 Et
866 641 1061 704 quamquam
1084 618 1119 682 in
1142 618 1218 683 Par-

151 727 332 809 titionibus,
361 728 452 791 utin
477 738 572 791 antea
596 727 725 811 scriptis
748 726 841 790 libris
865 722 920 808 (de
943 727 1009 790 inv.
1035 729 1064 809 2,
1083 727 1135 807 56,
1155 727 1218 791 169

151 856 238 919 666.;
264 834 303 898 de
327 858 372 899 or.
390 837 421 916 2,
438 836 491 918 82,
510 829 599 918 336),
625 836 736 919 666611
760 835 794 897 16
819 833 1027 898 deliberando
1053 834 1131 898 dicit
1154 857 1218 898 non

152 943 247 1007 modo
284 943 361 1027 quid
398 944 474 1007 utile
510 944 553 1008 sit
580 966 692 1007 verum
722 943 820 1006 etiam
844 942 922 1027 quid
945 942 1016 1006 fieri
1038 942 1143 1026 possit
1166 951 1221 1006 aut

151 1074 249 1136 qnam
273 1052 366 1116 facile
390 1053 493 1138 possit
517 1062 549 1117 et
572 1053 650 1138 quid
673 1075 806 1117 necesse
831 1053 873 1117 sit
889 1062 944 1116 aut
960 1075 1056 1136 quam
1073 1052 1116 1115 sit
1132 1073 1219 1134 mag-

151 1183 243 1240 num,
280 1171 388 1224 tamen
423 1161 601 1224 rationibus
632 1161 774 1224 suasoris
805 1170 837 1223 et
861 1159 1055 1224 dissuasoris
1079 1159 1220 1222 breviter

151 1267 360 1352 praescriptis
390 1268 604 1352 omnibusque
632 1266 697 1332 illis
727 1267 971 1351 quaestionibus
1000 1265 1042 1329 ad
1070 1265 1148 1329 duas
1172 1287 1219 1328 re·

153 1373 256 1438 ductis
284 1397 403 1438 novam
430 1384 462 1438 et
490 1386 597 1459 aptam
626 1375 725 1438 totius
759 1375 806 1438 rei
840 1374 1101 1439 distributionem
1129 1372 1219 1437 adse-

152 1482 270 1565 quitur.
319 1478 548 1560 Quaerendum
583 1492 690 1545 autem
725 1481 924 1547 demonstrat
959 1481 1036 1566 quid
1071 1480 1149 1544 utile
1178 1479 1221 1544 sit

153 1588 294 1673 quidque
316 1590 386 1652 fieri
410 1590 522 1673 possit.

243 1694 377 1759 Utilitas
419 1696 518 1780 igitur
560 1695 645 1780 quod
688 1696 722 1758 in
753 1696 847 1760 bonis
878 1696 1037 1779 malisque
1076 1705 1221 1758 versetur

153 1799 219 1885 (24,
238 1797 305 1884 86),
331 1803 490 1868 bonorum
518 1803 726 1887 partitionem
753 1802 795 1865 ad
824 1801 1072 1865 deliberationes
1097 1823 1220 1864 accom-

153 1909 263 1973 modat
292 1890 539 1995 necessariaque
568 1910 654 1974 bona
686 1909 856 1993 distinguit
878 1919 910 1972 et
928 1931 993 1971 non
1021 1909 1217 1989 necessaria,

154 2038 290 2100 quorum
315 2040 468 2101 generum
492 2014 630 2080 similiae
654 2026 729 2079 sunt
753 2038 809 2079 eae
834 2015 983 2078 utilitatis
1007 2025 1115 2099 partes
1139 2037 1220 2099 quae

153 2123 188 2186 in
211 2122 267 2187 lib.
293 2123 332 2186 de
356 2125 422 2188 inv.
446 2123 653 2186 incolumitas
689 2132 721 2185 et
754 2123 898 2206 potentia
926 2131 1081 2185 vocantur
1104 2118 1148 2205 (2,
1167 2123 1218 2204 56,

157 2224 245 2310 169).
293 2226 328 2292 si
363 2230 449 2293 enim
484 2228 565 2292 illud
598 2229 816 2293 necessarium
851 2238 900 2292 est
935 2229 1005 2292 sine
1041 2251 1103 2313 quo
1141 2229 1223 2293 salvi

155 2334 291 2398 liberive
316 2357 386 2399 esse
409 2359 475 2399 non
499 2358 670 2421 possumus
694 2332 738 2420 (p.
756 2358 801 2400 or.
819 2336 871 2418 24,
886 2330 953 2418 83),
979 2359 1017 2399 66
1040 2337 1223 2400 necessaria

158 2454 234 2505 sunt
257 2464 338 2526 6666
364 2445 456 2527 66661
480 2444 521 2508 611
545 2466 660 2529 corpus
685 2444 820 2509 alicuius
837 2446 884 2509 rei
901 2445 1064 2529 pertinent
1087 2466 1221 2530 eamque

155 2548 352 2613 incolumem
376 2563 569 2615 conservant
596 2547 649 2633 (de
674 2553 739 2616 inv.
764 2553 864 2634 2,66,
885 2553 948 2618 168
969 2548 1065 2637 666.)
1112 2552 1221 2616 Μ1666

155 2666 265 2720 autem
287 2658 471 2722 necessaria
495 2681 533 2722 ea
561 2681 632 2723 esse
661 2659 811 2723 dicuntur
840 2660 957 2744 quibus
986 2659 1145 2724 efficiatur
1168 2681 1222 2744 po·

154 2764 257 2827 tentia
273 2760 391 2847 (ibid).
423 2765 510 2850 Ergo
536 2766 596 2830 etsi
621 2790 685 2831 non
711 2767 820 2831 omnia
844 2767 936 2831 utilia
953 2789 1034 2852 quae
1057 2790 1123 2830 666
1148 2777 1223 2830 sunt

154 2873 339 2936 necessaria
373 2875 536 2958 potentiae
571 2876 702 2939 nomine
738 2874 1052 2960 comprehenduntur
1086 2873 1222 2958 ideoque

154 2979 261 3044 minus
285 2980 432 3045 absolute
457 2982 492 3045 in
514 2983 572 3047 lib.
598 2982 636 3046 de
660 2983 726 3046 inv.
743 3005 842 3066 quam
864 2983 898 3045 in
914 2981 1147 3046 Partitionibus
1171 3003 1222 3045 res

156 3085 351 3171 dispertitur,
377 3099 485 3152 tamen
509 3088 590 3152 duae
615 3089 654 3152 de
678 3089 796 3173 quibus
821 3088 945 3172 agimus
962 3089 1153 3173 partitiones
1177 3089 1223 3152 ita

155 3195 362 3259 consentiunt
385 3207 420 3260 ut
434 3195 530 3260 facile
554 3197 656 3260 altera
679 3219 719 3260 ex
735 3197 837 3260 altera
852 3197 992 3281 potuerit
1014 3197 1099 3260 oriri.
1131 3196 1223 3261 Haec

157 3300 322 3367 distinctio
346 3303 503 3366 bonorum
532 3304 788 3368 necessariorum
816 3313 848 3367 et
874 3327 940 3368 non
968 3306 1223 3369 necessariorum

155 3407 491 3472 accommodatissima
515 3423 583 3473 erat
606 3411 646 3474 ad
671 3411 842 3475 consilium
867 3433 929 3495 quo
953 3412 1113 3476 secundus
1131 3409 1223 3477 Cice·

154 3515 244 3580 ronis
269 3515 407 3600 scriptus
432 3526 481 3580 est
505 3516 544 3580 de
562 3517 677 3582 officiis
700 3518 793 3582 liber.
840 3518 1031 3602 Explicatur
1055 3519 1141 3583 enim
1164 3518 1220 3581 illo

155 3623 238 3687 libro
264 3644 345 3707 quae
370 3645 488 3707 genera
516 3623 694 3689 officiorum
724 3626 764 3689 ab
795 3626 933 3690 utilitate
958 3626 1129 3704 ducantur3
1160 3648 1224 3710 qua

155 3732 190 3795 in
214 3730 411 3814 quaestione,
436 3731 627 3815 praesertim
652 3733 679 3796 si
703 3733 795 3796 utilia
818 3735 902 3796 inter
926 3756 960 3798 se
986 3744 1220 3818 comparantur,

157 3874 198 3883 -
225 3839 315 3902 cuius
346 3839 393 3902 rei
428 3851 600 3923 praecepta
624 3863 643 3902 a
666 3838 821 3903 Panaetio
857 3841 977 3905 omissa
1014 3838 1128 3906 Cicero
1165 3864 1222 3905 suo

155 3946 260 4011 Marte
285 3945 455 4031 supplevit,
483 3985 524 3994 -
548 3947 689 4011 maxime
714 3949 878 4032 quaeritur
901 3962 1023 4033 quanta
1051 3949 1094 4014 sit
1116 3950 1166 4014 vis
1191 3960 1223 4013 et

157 4055 214 4139 qui
237 4054 356 4139 gradus
381 4077 596 4140 eorumquae
626 4056 718 4120 utilia
740 4056 919 4121 habeantur
947 4058 1063 4141 quibus
1093 4057 1223 4122 adducti
