2746 4560
624 213 665 277 63

111 395 150 458 de
173 394 298 458 ratione
322 388 388 474 (29,
417 388 508 473 102),
546 391 584 454 de
609 391 810 454 firmamento
835 387 901 472 (29,
929 384 1020 471 103),
1051 386 1090 451 de
1115 386 1177 450 dis·

111 501 348 587 ceptationibus
373 496 439 583 (30,
464 500 528 564 104
541 493 636 582 sqq),
663 497 702 560 de
727 508 885 561 certarum
908 518 991 580 quae
1007 494 1102 559 huius
1126 516 1177 577 ge-

110 610 199 673 neris
236 621 311 672 sunt
339 629 508 671 causarum
536 605 727 669 tractatione
751 600 817 687 (31,
847 605 908 669 109
927 598 1022 687 sqq).
1069 604 1178 686 Atque

103 715 226 780 eadem
248 715 315 778 fere
339 715 373 777 in
396 712 453 777 lib.
479 713 518 776 de
542 713 607 776 inv.
630 713 740 775 ordine
765 735 830 775 non
854 710 1026 774 admodum
1051 709 1177 772 diverso

111 832 300 888 tractantur.
348 821 541 906 Disputatur
566 821 651 883 enim
674 821 813 904 primum
839 818 877 882 de
894 816 1178 881 constitutionibus

110 931 202 994 etin
226 952 336 993 earum
360 928 575 1014 explicatione
603 928 700 990 etiam
736 927 775 990 de
805 925 924 989 iudicio
954 923 1178 988 constituendo

110 1037 157 1119 (1,
183 1037 212 1118 8,
241 1032 396 1121 10sqq.);
422 1035 537 1100 deinde
562 1035 600 1099 de
625 1035 665 1099 iis
682 1036 777 1098 rebus
802 1056 884 1118 quae
909 1043 995 1097 arcte
1020 1055 1093 1095 cum
1117 1042 1179 1096 sta·

113 1145 200 1209 tibus
225 1144 398 1208 cohaerent
420 1140 464 1226 (1,
485 1145 535 1225 12,
555 1143 594 1206 11
609 1138 704 1227 sqq),
730 1142 820 1205 cuius
844 1140 971 1225 generis
996 1148 1072 1203 sunt
1095 1137 1181 1222 quod

112 1253 310 1337 praecipitur
333 1262 368 1314 ut
392 1251 612 1316 consideretur
647 1262 754 1314 utrum
782 1271 879 1313 causa
907 1248 1045 1332 simplex
1074 1246 1180 1309 sitan

113 1361 224 1424 iuncta
237 1356 303 1441 (cui
313 1360 358 1423 rei
371 1360 404 1423 in
418 1357 505 1423 Part.
518 1360 569 1441 29,
584 1360 645 1423 101
663 1359 742 1422 satis
752 1357 873 1421 factum
885 1378 955 1420 esse
965 1354 1092 1418 videtur
1108 1375 1181 1416 cum

114 1467 316 1551 significatur
336 1466 482 1552 pluribus
504 1467 642 1530 statibus
664 1466 691 1529 si
710 1465 780 1528 fieri
796 1465 899 1549 possit
919 1462 1073 1526 utendum
1086 1455 1180 1540 esse),

118 1574 357 1639 controversiae
382 1575 493 1659 scripti
516 1570 612 1659 (quae
635 1575 668 1636 in
692 1571 932 1652 Ρ111.31,108
955 1571 991 1632 in
1013 1591 1182 1632 numerum

114 1682 390 1767 disceptationum
404 1677 608 1763 referuntur),
627 1681 774 1766 quaestio
790 1676 887 1763 (quae
903 1678 936 1740 in
950 1676 1036 1740 Part.
1051 1677 1102 1757 30,
1119 1676 1183 1740 104

116 1789 234 1854 diffusa
250 1800 282 1853 11
301 1791 405 1875 prima
427 1790 573 1874 quaestio
590 1788 770 1873 appellatur
790 1788 869 1850 etin
886 1785 1066 1870 praeceptis
1089 1784 1182 1846 attin-

115 1898 203 1980 gitur
220 1892 491 1982 disceptationis),
515 1896 606 1976 ratio,
618 1894 772 1957 iudicatio
784 1888 879 1978 (quae
891 1892 983 1956 estin
1000 1889 1183 1953 Partitioni-

115 2006 177 2069 bus
190 2000 404 2088 disceptatio),
419 2003 671 2083 firmamentum3
684 2012 798 2086 postea
808 2001 843 2062 in
856 1998 996 2064 secundo
1009 1998 1091 2061 libro
1101 1994 1144 2076 (2,
1151 1996 1182 2076 4,

120 2107 259 2195 14sqq.)
284 2111 322 2173 de
346 2111 425 2174 locis
455 2109 509 2192 qui
538 2109 603 2171 sint
632 2108 672 2172 ad
696 2108 840 2191 singulas
865 2104 1110 2170 constitutiones
1135 2125 1184 2166 ac-

115 2215 322 2279 commodati.
374 2215 422 2278 De
458 2215 507 2278 his
545 2215 691 2299 partibus
731 2215 879 2278 omnibus
919 2210 1110 2277 Ciceronem
1148 2210 1182 2273 in

118 2322 211 2385 libris
235 2321 274 2385 de
299 2330 425 2385 oratore
450 2323 629 2385 accuratius
654 2322 811 2386 disserere
835 2320 977 2384 noluisse
999 2342 1065 2383 non
1088 2319 1183 2381 mira·

119 2451 201 2491 mur.
246 2428 356 2493 Unam
380 2438 487 2493 autem
509 2441 635 2515 partem
658 2431 722 2493 late
743 2438 915 2515 patentem,
941 2449 1022 2513 quae
1038 2425 1079 2490 ad
1094 2426 1182 2489 locos

118 2536 259 2620 pertinet
286 2536 484 2619 singularum
514 2537 791 2624 constitutionum,
829 2558 893 2599 non
921 2534 1016 2599 modo
1044 2542 1183 2618 praeter·

118 2642 210 2706 misit
233 2642 291 2706 sed
314 2665 352 2706 ea
371 2645 501 2707 omnino
519 2644 552 2706 in
568 2645 747 2729 praeceptis
765 2643 892 2707 dicendi
910 2640 1183 2728 supersedendum

117 2771 190 2814 esse
214 2751 340 2814 censuit
373 2749 418 2832 (2,
443 2751 496 2833 41,
523 2752 600 2831 175;
637 2752 666 2832 3,
693 2752 745 2833 30,
777 2749 864 2831 119).
912 2752 958 2814 At
984 2751 1017 2813 in
1042 2747 1182 2833 Topicis,

117 2879 314 2942 quamquam
338 2858 558 2923 tantummodo
581 2858 670 2924 locos
687 2858 873 2922 inveniendi
890 2856 1064 2941 explicavit
1079 2855 1182 2939 plene,

120 2965 262 3029 breviter
286 2976 341 3030 eos
365 2965 566 3051 percucurrit
601 2967 655 3050 qui
691 2975 800 3030 essent
834 2964 875 3028 ad
903 2963 1052 3047 quodque
1083 2983 1183 3044 genus

120 3073 358 3157 propositorum
387 3072 621 3136 accommodati
656 3072 865 3156 eosdemque·
881 3071 978 3135 etiam
1006 3069 1047 3134 ad
1071 3091 1184 3133 causas

121 3180 251 3243 volebat
273 3180 440 3244 transferri
463 3178 518 3263 (ἐξ
535 3181 587 3261 86,
606 3175 672 3261 90).
719 3179 765 3244 Ut
788 3180 886 3263 igitur
908 3180 942 3242 in
972 3177 1185 3242 confirmatio·

120 3287 172 3350 nis
189 3288 367 3371 praeceptis
385 3284 482 3372 (11.1.
500 3284 557 3370 33)
574 3298 743 3370 utrumque
759 3308 860 3371 genus
876 3287 1021 3350 locorum
1037 3295 1069 3348 et
1092 3306 1185 3368 gene·

120 3393 239 3457 ralium
263 3402 294 3456 11
318 3415 427 3456 eorum
451 3394 506 3478 qui
530 3394 650 3480 proprii
678 3405 754 3458 sunt
781 3394 1033 3457 confirmationis
1062 3392 1128 3455 nisi
1150 3391 1185 3454 in

122 3501 357 3565 Partitionibus
382 3503 563 3585 expositum
586 3527 650 3567 non
675 3514 733 3585 111,
759 3505 805 3567 sic
830 3503 927 3568 simili
950 3503 1073 3566 ratione
1097 3502 1132 3563 in
1148 3523 1186 3564 ea

123 3616 214 3694 parte
243 3607 281 3672 de
310 3630 374 3692 qua
402 3630 488 3670 nunc
515 3611 678 3694 quaeritur
716 3619 748 3674 et
775 3610 897 3694 Topica
931 3623 963 3673 et
990 3609 1185 3673 Partitiones

124 3714 271 3779 videmus
295 3738 314 3778 a
336 3715 469 3798 reliquis
493 3715 584 3780 libris
609 3716 790 3780 abhorrere.
836 3715 880 3780 Et
904 3717 1032 3780 omnino
1054 3716 1185 3800 quaein

122 3822 356 3886 Partitionibus
380 3830 488 3905 partes
512 3833 587 3886 sunt
610 3823 736 3906 generis
759 3823 930 3905 iudicialis,
955 3845 1011 3886 eae
1035 3824 1132 3887 etiam
1151 3823 1186 3886 in

126 3928 256 4015 Topicis
291 3929 531 3993 adumbrantur.
589 3929 716 3993 Dicitur
754 3931 840 3993 enim
874 3931 1015 3994 breviter
1049 3930 1088 3995 de
1121 3932 1186 3995 fine

122 4033 203 4122 (top.
221 4038 272 4120 24,
291 4031 357 4119 91),
384 4036 422 4100 de
446 4037 583 4101 statibus
600 4033 666 4119 (25,
686 4032 751 4120 93),
778 4037 816 4101 de
840 4039 879 4103 iis
902 4039 998 4104 rebus
1015 4060 1187 4126 quaecum
