2746 4560
615 236 655 299 57

100 422 166 476 tate
195 412 402 498 amicitiaque
430 413 514 476 inter
541 424 649 498 partes
678 413 819 477 iustitiae
848 412 1022 478 nominatis
1049 408 1084 494 (ἓ
1101 408 1166 495 78).

100 518 141 583 11
164 541 203 584 ea
226 532 281 584 aut
283 543 334 584 em
357 520 532 585 liberalitat
485 530 550 585 tate
575 543 656 605 quae
680 520 721 584 ad
750 543 841 584 usum
865 521 1020 606 pecuniae
1045 530 1168 606 spectat

99 650 166 691 non
200 636 266 690 tam
295 627 329 690 id
356 628 524 711 agiturut
552 651 645 692 suum
674 629 835 713 cuiquet
822 628 981 692 tribuatur
1008 650 1105 714 quam
1134 639 1168 691 ut

100 733 228 798 animus
263 735 309 798 alt
296 744 347 799 tus
383 746 520 820 angusta
547 757 710 821 parvaque
736 735 864 820 fugiens
893 735 956 799 sibi
980 735 1166 800 satisfaciat.

101 838 210 921 Quam
234 843 427 906 sententiam
450 844 654 928 perstrictam
674 843 816 908 inlibris
834 842 873 906 de
890 842 1005 907 officiis
1021 843 1166 907 videmus

100 944 146 1031 (1,
172 949 225 1031 20,
251 946 320 1032 68),
357 950 391 1013 11
415 949 648 1016 Partitionibus
677 951 764 1015 omni
789 951 957 1014 notionum
981 949 1167 1013 confusione

101 1055 230 1118 sublata
252 1057 347 1141 plane
372 1058 581 1123 enuntiatam.
629 1058 755 1122 Deinde
784 1081 856 1122 cum
879 1057 1013 1121 minime
1037 1066 1110 1142 apte
1133 1057 1167 1120 in

100 1162 158 1226 lib.
188 1162 227 1227 de
255 1165 320 1230 inv.
349 1176 456 1250 partes
483 1166 577 1248 iuris,
614 1165 699 1251 quod
732 1166 862 1229 babitus
898 1165 998 1228 animi
1026 1186 1091 1227 non
1119 1173 1168 1228 est

100 1292 206 1354 neque
234 1281 320 1336 recte
347 1273 450 1338 virtus
479 1273 672 1359 appellatur,
708 1274 743 1337 in
771 1273 997 1338 distributione
1025 1271 1167 1335 iustitiae

102 1378 269 1462 expositae
293 1379 367 1463 sint,
392 1403 504 1445 omnes
528 1381 672 1445 iustitiae
695 1391 803 1466 partes
828 1403 910 1465 quae
933 1379 968 1444 in
984 1377 1167 1443 Partitioni-

101 1485 161 1548 bus
186 1496 414 1552 enumerantur
438 1488 507 1552 eius
536 1488 623 1551 modi
648 1498 723 1552 sunt
745 1498 781 1552 ut
802 1498 888 1551 recte
912 1487 1047 1551 virtutes
1070 1485 1167 1550 habe·

102 1601 206 1675 antur,
232 1593 305 1658 aliis
330 1607 365 1659 ut
387 1596 542 1680 religione
566 1605 598 1659 et
620 1595 749 1680 pietate,
776 1617 857 1679 quae
881 1604 972 1658 erant
995 1593 1030 1657 in
1052 1593 1109 1657 lib.
1127 1591 1167 1655 dc

100 1699 167 1763 inv.
193 1700 227 1762 in
256 1703 456 1787 expositione
486 1704 565 1768 iuris
594 1714 875 1779 commemoratae,
911 1701 1057 1783 11111111,
1095 1700 1166 1764 aliis

101 1806 246 1871 eiusdem
277 1810 404 1892 generis
436 1819 471 1873 11
499 1809 579 1890 fide,
619 1808 778 1891 bonitate,
819 1807 961 1871 amicitia
995 1806 1165 1870 adiunctis.

102 1912 186 1978 Tum
219 1939 330 1982 rursus
364 1917 405 1981 ad
432 1919 571 2002 primum
598 1940 700 2001 genus
727 1917 882 1980 virtutum
909 1914 1032 1978 reditur
1059 1914 1092 1977 in
1117 1937 1166 1977 eo·

102 2044 164 2106 que
205 2023 287 2088 aliae
326 2025 462 2089 virtutes
502 2024 584 2088 duae
619 2033 793 2108 ponuntur,
835 2022 1004 2086 dialectica
1039 2031 1070 2084 et
1104 2020 1167 2084 elo-

102 2130 252 2213 quentia,
304 2142 469 2214 tamquam
521 2131 689 2194 ministrae
737 2130 933 2214 comitesque
979 2129 1166 2213 sapientiae,

103 2257 240 2318 quarum
264 2260 360 2301 unam
386 2235 501 2301 Cicero
525 2238 647 2301 iamin
672 2237 728 2301 lib.
754 2236 793 2301 de
817 2259 862 2300 or.
887 2236 1014 2300 virtutis
1038 2236 1168 2299 nomine

104 2340 235 2424 dignam
273 2345 524 2408 existimaverat.
581 2343 809 2428 Eloquentiam
844 2344 930 2407 enim
964 2366 1029 2407 non
1064 2343 1168 2407 solum

103 2449 266 2513 Antonius
305 2474 325 2514 a
363 2450 555 2515 Mnesarcho
601 2451 737 2536 aliisque
779 2451 825 2515 ita
863 2450 1057 2536 appellatam
1096 2473 1167 2514 esse

102 2566 214 2620 narrat
248 2553 292 2640 (1,
319 2559 370 2641 18,
396 2553 453 2641 83)
488 2568 520 2624 et
553 2559 622 2644 ipse
657 2560 785 2624 virtutis
819 2559 891 2622 loco
922 2554 1087 2642 111511(2,
1113 2558 1165 2641 84,

101 2659 182 2745 344)
206 2664 264 2728 sed
288 2667 384 2730 etiam
402 2663 540 2732 Crassus
563 2691 660 2731 unam
685 2667 723 2731 de
747 2668 881 2732 summis
906 2667 1079 2730 virtutibus
1096 2688 1167 2730 esse

102 2769 182 2834 dicit
216 2769 260 2856 (3,
288 2774 338 2857 14,
364 2769 488 2855 umet
476 2771 639 2839 ttSoicos
667 2776 818 2839 virtutem
844 2783 876 2838 et
899 2774 1090 2858 sapientiam
1113 2795 1166 2835 vo·
1245 2858 1248 2862 .

102 2888 213 2943 cantes
238 2878 562 2967 comprobat(3,18,
589 2880 960 2965 65;11.6)11112,20,
980 2875 1045 2962 10).
1082 2875 1166 2944 Con·

100 2987 272 3052 cluduntur
307 2990 404 3053 etiam
432 2990 466 3053 in
495 3013 639 3074 pressam
667 2989 757 3053 illam
786 2987 985 3071 nitidamque
1010 2985 1167 3050 definitio·

101 3117 190 3178 nem,
227 3097 443 3181 eloquentiam
479 3119 549 3160 esse
586 3097 714 3181 copiose
750 3097 935 3179 loquentem
965 3093 1164 3178 sapientiam,

101 3226 184 3288 quae
209 3216 284 3268 sunt
307 3206 341 3268 in
364 3205 422 3269 lib.
448 3204 486 3267 de
510 3227 555 3268 or.
583 3204 700 3268 diffusa
723 3214 756 3267 et
779 3203 936 3286 dissipata
964 3198 1008 3285 (3,
1035 3204 1086 3285 20,
1114 3204 1164 3285 76,

101 3305 186 3393 cet).
233 3309 447 3374 Dialecticam
479 3321 599 3393 autem,
637 3333 733 3395 quam
760 3309 950 3373 Academici
977 3309 1089 3373 eadem
1117 3333 1165 3373 ra·

100 3420 189 3482 tione
219 3417 395 3502 eodemque
422 3419 491 3482 iure
515 3441 577 3503 quo
603 3418 819 3503 eloquentiam
842 3418 994 3481 virtutem
1018 3440 1088 3481 esse
1112 3440 1165 3480 vo-

100 3527 229 3589 luerunt
263 3521 316 3608 (cf.
341 3523 444 3589 Acad.
476 3528 504 3608 1,
530 3527 559 3608 2,
589 3520 636 3609 5),
674 3548 833 3610 nusquam
862 3521 976 3590 (iicero
1004 3525 1073 3609 ipse
1101 3523 1164 3587 nisi

102 3634 137 3696 in
160 3631 409 3714 Partitionibus,
447 3633 508 3696 etsi
536 3654 631 3717 saepe
660 3654 731 3695 eam
754 3631 887 3717 respicit
908 3630 1076 3715 isdemque
1098 3629 1165 3693 fero

103 3739 211 3803 verbis
237 3737 353 3824 quibus
377 3737 439 3801 boc
462 3738 533 3802 loco
558 3746 722 3822 comparat
745 3760 817 3801 cum
841 3738 874 3801 vi
896 3738 1034 3801 oratiora
1049 3732 1102 3819 (de
1119 3759 1165 3802 or.

101 3847 189 3930 2,38,
217 3846 293 3928 1573
318 3844 410 3908 Brut.
435 3846 488 3929 41
516 3846 578 3910 151
602 3868 687 3930 sqq.
713 3867 759 3908 or.
784 3846 836 3927 32,
864 3847 927 3910 113
944 3866 1029 3929 sqq,
1055 3844 1164 3909 defin

100 3956 180 4038 2,6,
200 3949 264 4037 17)
290 3963 400 4018 tamen
415 3953 449 4016 in
473 3953 572 4016 virtut
523 3953 644 4017 ttibus
668 3961 828 4016 numerat·
822 3974 1050 4037 q,uamquam
1072 3975 1165 4037 prox-

101 4063 167 4126 ime
199 4061 239 4126 ad
274 4062 359 4126 hano
387 4072 458 4125 sen
461 4071 579 4126 eniam
612 4061 648 4124 in
676 4002 1165 4145 Τ111.(1111111.(5,25,72)
