2746 4560
722 190 765 254 64

210 367 346 432 statibus
378 368 566 431 coniunctae
598 377 673 431 sunt
703 363 770 449 (25,
800 362 866 450 95),
904 368 943 432 de
975 367 1271 454 disceptationibus

209 471 274 556 (25,
293 470 359 556 95),
383 474 630 538 tractationibus
654 471 724 558 (26,
751 471 818 557 97).

297 580 413 645 Finem
450 581 548 666 igitur
582 583 709 666 generis
748 580 910 646 iudicialis
946 579 1060 648 Cicero
1098 604 1281 667 numquam

210 689 381 774 quicquam
405 710 475 753 esse
499 687 586 752 aliud
611 689 819 753 existimabat
852 689 915 754 nisi
951 690 1145 775 aequitatem
1166 686 1212 775 (p.
1231 712 1279 754 or.

210 797 261 878 28,
288 796 344 877 98;
370 795 409 860 de
432 796 498 861 inv.
524 796 554 877 2,
579 797 610 878 4,
637 796 692 879 12;
719 796 748 878 2,
775 798 827 879 51,
854 798 932 879 1563
963 796 1004 861 cf.
1029 796 1069 862 de
1091 819 1137 861 or.
1167 798 1196 879 1,
1224 798 1278 880 31,

211 898 298 982 141).
346 901 550 988 Quamquam
584 904 671 967 enim
705 903 738 967 in
764 902 894 989 Topicis
928 905 1035 989 potius
1069 904 1149 968 iuris
1185 904 1281 989 ponit

209 1032 305 1095 quam
329 1011 501 1096 aequitatis
524 1033 655 1093 nornen,
692 1011 820 1095 utrique
854 1020 962 1097 partes
997 1011 1111 1076 tribuit
1144 1010 1281 1076 easdem

209 1116 274 1201 (24,
300 1113 366 1199 91).
412 1117 500 1181 Hlud
534 1129 640 1181 autem
675 1141 795 1182 novum
830 1119 864 1182 in
891 1115 1124 1183 Partitionibus
1161 1117 1278 1200 adfert,

209 1225 294 1309 quod
328 1226 427 1289 finem
461 1247 556 1310 quem
590 1225 729 1290 diximus
766 1248 831 1289 non
867 1226 971 1290 solum
999 1226 1190 1311 simpliciter
1219 1226 1278 1291 sed

208 1331 370 1396 interdurn
405 1333 503 1396 etiam
538 1355 578 1396 cx
613 1334 852 1418 comparatione
889 1333 1100 1418 spectandum
1123 1355 1195 1398 esse
1221 1334 1275 1414 ait,

209 1441 346 1524 repetita
373 1461 413 1503 ex
429 1440 609 1525 praeceptis
632 1441 868 1525 propositorum
893 1441 990 1504 etiam
1014 1440 1214 1504 accuratiore
1240 1439 1277 1503 de

209 1568 273 1632 qua
296 1569 393 1631 supra
416 1546 538 1610 dictum
561 1556 610 1610 551
634 1547 841 1632 comparandi
864 1547 999 1612 ratione.

296 1654 377 1717 Fine
402 1663 508 1717 autem
532 1655 659 1738 generis
677 1654 825 1740 exposito
843 1677 890 1738 ea,
916 1676 997 1740 quae
1013 1654 1047 1718 in
1063 1653 1183 1717 iudicio
1202 1674 1275 1717 con·

209 1761 370 1825 stitucndo
394 1761 523 1825 tractari
548 1761 681 1844 soleant,
708 1785 773 1825 non
797 1762 904 1847 inepte
928 1772 963 1824 ut
987 1783 1068 1846 quae
1092 1769 1167 1824 5515
1191 1759 1274 1823 iudi·

209 1869 293 1932 cium
326 1870 433 1954 ipsum
468 1879 604 1952 agantur
632 1869 804 1952 separatim
833 1892 852 1932 a
880 1868 1164 1933 constitutionibus
1190 1889 1274 1932 com-

208 1986 372 2059 memorat,
401 1987 516 2071 natura
540 1986 571 2040 et
595 1999 710 2060 genere
734 1986 856 2040 astatu
879 1976 1021 2060 generali
1044 1998 1108 2039 non
1133 1976 1275 2060 seiungit

208 2080 273 2166 (28,
300 2085 342 2149 99
359 2079 453 2169 sqq).
501 2080 611 2148 Status
628 2082 759 2168 quidem
775 2083 940 2147 notionem
957 2084 1141 2147 universam
1159 2079 1275 2147 Cicero

208 2192 326 2277 triplici
361 2191 456 2255 modo
492 2191 641 2274 designat
676 2201 730 2255 551
767 2191 903 2255 circuitu
938 2190 1078 2276 quodam
1102 2190 1276 2255 verborum

209 2299 297 2362 nullo
320 2298 465 2363 adhibito
490 2298 574 2384 quod
599 2299 676 2363 artis
693 2299 859 2384 proprium
876 2298 918 2364 sit
935 2298 1101 2380 vocabulo,
1127 2307 1161 2361 ut
1178 2319 1276 2382 saepe

208 2409 243 2470 in
266 2407 413 2471 omnibus
436 2407 537 2488 libris,
563 2418 618 2472 aut
641 2408 879 2472 constitutionis
895 2407 1034 2489 nomine,
1058 2406 1143 2470 utin
1158 2406 1218 2471 lib.
1236 2405 1275 2469 de

208 2516 273 2578 inv.
299 2511 509 2580 Cornificium
536 2525 678 2598 secutus,
709 2526 764 2579 aut
788 2524 890 2580 status
915 2516 1058 2596 nomine,
1095 2515 1189 2578 utin
1215 2513 1274 2578 Το-

208 2623 290 2706 picis
314 2631 345 2685 et
368 2623 402 2685 in
417 2621 660 2687 Partitionibus.
707 2622 791 2686 Illud
816 2633 924 2686 autem
944 2622 1028 2686 inter
1046 2621 1175 2685 libellos
1194 2643 1272 2706 quos

209 2738 351 2794 extremo
374 2728 445 2793 loco
470 2729 706 2793 nominavimus
730 2730 865 2793 interest
888 2729 974 2814 quod
990 2729 1024 2792 in
1040 2727 1170 2813 Topicis
1188 2727 1274 2813 quod

209 2834 332 2903 Graece
356 2837 473 2901 dicitur
496 2834 615 2920 στάσις,
651 2836 685 2900 id
708 2835 825 2901 Latine
853 2858 984 2921 prorsus
1013 2835 1125 2900 eadem
1148 2835 1274 2900 ratione

207 2945 292 3009 facto
315 2945 445 3009 nomine
469 2943 624 3030 appellari
647 2944 785 3026 iubetur,
810 2944 856 3007 ita
879 2955 914 3007 ut
936 2943 990 3007 hic
1006 2943 1094 3006 vocis
1117 2964 1195 3007 usus
1219 2964 1275 3006 no·

209 3053 277 3116 vari
301 3051 447 3116 videatur
470 3053 549 3136 (top.
567 3052 619 3134 25,
638 3046 708 3134 93);
745 3059 858 3115 contra
885 3051 918 3114 in
942 3049 1191 3132 PartitionibuS,
1222 3071 1276 3114 ex·

208 3159 335 3244 plicatis
360 3159 642 3224 constitutionibus
671 3159 808 3223 necdum
832 3182 894 3223 uno
923 3166 1009 3222 certo
1039 3157 1198 3221 vocabulo
1223 3155 1277 3220 de

209 3266 358 3350 signatis,
391 3275 492 3330 status
516 3288 633 3329 nomen
658 3265 726 3330 sine
751 3266 817 3329 ulla
840 3265 1027 3329 definitione
1051 3273 1106 3328 aut
1130 3261 1277 3328 Graecae

210 3373 297 3438 vocis
321 3373 483 3436 mentione
508 3383 542 3436 ut
564 3382 676 3435 notum
696 3371 859 3435 inducitur
874 3368 941 3454 (29,
961 3367 1052 3454 102);
1078 3392 1277 3455 quamquam

208 3480 270 3546 hoc
296 3480 391 3544 modo
425 3481 566 3565 positum
594 3501 698 3563 neque
727 3489 822 3542 antea
850 3479 884 3541 in
906 3478 1141 3542 Partitionibus
1169 3500 1278 3563 neque

208 3593 241 3652 in
269 3588 402 3673 reliquis
432 3584 599 3653 Ciceronis
629 3586 758 3670 scriptis
789 3585 854 3649 nisi
882 3586 916 3650 in
940 3585 1071 3670 Topicis
1100 3585 1278 3649 invenitur.

206 3698 257 3761 Ac
285 3696 389 3761 simile
417 3693 572 3780 quiddam
600 3693 635 3756 in
657 3693 791 3757 notione
820 3692 892 3778 ipsa
919 3692 1049 3756 animad
1072 3691 1277 3776 vertipotest.

209 3801 481 3869 Constitutionem
505 3803 592 3866 enim
615 3797 729 3866 Cicero
755 3801 790 3864 in
813 3799 870 3864 lib.
896 3798 936 3863 de
959 3800 1025 3863 inv.
1042 3798 1180 3884 primam
1206 3821 1281 3864 esse

209 3910 321 3975 definit
343 3933 513 3976 causarum
536 3909 774 3974 conflictionem
803 3931 843 3972 ex
867 3907 1055 3992 depulsione
1083 3905 1280 3972 intentionis

209 4017 383 4102 profectam
406 4015 450 4102 (1,
476 4018 506 4100 8,
533 4011 598 4099 10).
644 4016 718 4080 Non
744 4026 851 4080 autem
874 4016 909 4079 15
928 4013 1163 4079 Partitionibus
1189 4016 1282 4079 etin
