2746 4560
672 225 692 287 6

146 401 280 487 adsequi
304 410 529 486 praeterquam
553 400 639 486 quod
663 402 697 464 in
720 400 792 486 ipsa
815 409 883 464 arte
906 411 1101 483 versaretur,
1133 411 1212 465 tem-

145 531 221 594 pore
257 508 421 573 scribendi
456 509 621 592 incognito
657 508 797 593 perspici
832 509 959 593 penitus
995 532 1061 572 non
1089 519 1210 594 potest3

147 616 368 701 quaestionem
397 615 535 700 denique
564 638 645 700 quae
676 625 725 679 est
748 614 787 678 de
811 616 967 700 proximis
990 615 1093 679 libelli
1116 616 1213 679 fonti-

149 724 207 788 bus
237 722 383 787 homines
412 722 497 786 docti
528 723 669 786 breviter
701 722 806 786 adhuc
832 723 1078 807 perstringendo
1109 709 1214 808 paene

146 832 307 916 integram
330 830 538 915 reliquerunt.
570 829 643 894 Hoc
666 830 764 913 igitur
787 830 912 913 agimus
937 841 980 912 ut,
1007 831 1153 894 simodo
1179 831 1212 893 id

148 939 333 1022 contigerit,
370 939 550 1002 accuratius
579 937 770 1000 definiamus
800 937 928 1021 quando
954 946 985 1001 et
1009 959 1064 1000 cur
1089 946 1120 1000 et
1144 938 1214 1022 qui-

150 1047 208 1111 bus
233 1046 276 1110 sit
299 1045 504 1109 adminiculis
528 1044 718 1131 opusculum
735 1044 774 1107 de
791 1066 853 1128 quo
871 1045 1034 1128 quaeritur
1051 1046 1213 1130 conscrip-

148 1163 225 1217 tum.
250 1136 293 1216 Et
309 1175 504 1238 quamquam
520 1153 582 1214 tria
599 1151 637 1214 de
654 1153 771 1236 quibus
785 1151 981 1237 disceptetur
992 1153 1211 1237 proponimus,

149 1284 186 1325 ea
215 1269 247 1324 et
276 1260 427 1350 colligata
455 1260 540 1323 inter
567 1281 602 1323 se
632 1268 663 1322 et
689 1258 806 1323 idonea
835 1267 910 1322 sunt
938 1281 1019 1343 quae
1044 1283 1108 1322 una
1131 1269 1214 1323 trac·

148 1379 268 1449 tentur3
293 1368 443 1451 viamque
467 1366 508 1430 ad
524 1366 684 1451 triplicem
701 1389 797 1451 quam
813 1367 1066 1450 significavimus
1084 1389 1214 1431 causam

148 1473 391 1538 'diiudicandam
413 1475 459 1538 ita
482 1475 607 1538 munire
632 1475 819 1538 conabimur
843 1484 886 1550 ut,
911 1475 1022 1559 paucis
1040 1474 1078 1538 de
1096 1497 1214 1538 sermo·

150 1583 200 1647 nis
224 1582 348 1645 ratione
369 1582 524 1667 expositis
548 1603 589 1645 ne
612 1581 669 1645 illa
691 1581 838 1665 neglecta
859 1581 996 1666 amplius
1021 1604 1144 1645 errores
1161 1605 1215 1667 pa·

150 1691 220 1772 riat,
246 1690 375 1775 plenam
399 1689 613 1753 Partitionum
638 1711 710 1753 cum
733 1690 774 1753 iis
798 1711 879 1774 quae
907 1690 942 1752 in
965 1689 1097 1775 reliquis
1122 1687 1215 1754 Cice·

150 1795 238 1861 ronis
273 1795 365 1861 libris
393 1797 596 1881 reperiuntur
623 1797 802 1881 praeceptis
832 1796 979 1860 oratoriis
1005 1798 1215 1881 comparatio·

150 1927 225 1968 nem
251 1903 458 1968 instituamus
487 1926 590 1989 neque
619 1903 682 1967 alia
711 1904 896 1968 omittamus
921 1903 1095 1988 adiungere
1119 1927 1216 1989 quae·

152 2033 287 2095 cumque
317 2011 385 2074 sive
414 2033 430 2074 e
460 2010 526 2074 vita
550 2008 718 2075 Ciceronis
748 2020 779 2075 et
801 2011 902 2094 patris
927 2021 958 2074 et
981 2012 1040 2075 filii
1065 2013 1133 2076 sive
1158 2013 1214 2076 ali·

151 2119 235 2182 unde
263 2119 400 2205 repetita
430 2117 552 2181 utiliter
580 2119 718 2203 spectari
746 2140 841 2203 posse
872 2118 1035 2183 ducamus.
1084 2115 1150 2182 Sed
1174 2119 1216 2182 ad

150 2225 184 2289 id
208 2225 293 2310 quod
317 2227 516 2311 suscepimus
541 2225 775 2309 adgrediamur.

240 2332 333 2396 Facit
367 2333 465 2416 igitur
500 2355 534 2396 se
569 2332 603 2396 in
631 2332 865 2398 Partitionibus
895 2331 1009 2398 Cicero
1045 2355 1118 2397 curn
1145 2334 1218 2397 filio

152 2438 396 2524 colloquentem,
421 2440 468 2503 ita
490 2449 525 2503 ut
538 2439 650 2503 Marco
674 2441 896 2504 tantummodo
921 2442 1131 2524 interroganti
1146 2442 1216 2527 ipse

153 2569 224 2610 cum
253 2547 444 2610 auctoritate
471 2547 674 2631 respoudeat.
723 2546 829 2627 Quem
857 2549 891 2611 in
920 2571 1100 2613 sermonem
1131 2547 1216 2634 quod

151 2653 239 2718 nullo
275 2654 453 2740 praemisso
489 2655 652 2739 prooemio
682 2656 790 2718 omnia
819 2678 899 2741 quae
929 2655 990 2719 hoc
1019 2657 1101 2720 libro
1131 2679 1217 2718 com·

151 2762 264 2849 plexus
290 2771 339 2826 est
362 2761 494 2826 inclusit
516 2761 672 2846 initioque
696 2761 797 2846 ipsius
823 2762 942 2845 dialogi
963 2763 1086 2826 aditum
1108 2786 1216 2826 earum

151 2875 257 2933 rerum
286 2868 325 2933 de
354 2869 471 2954 quibus
500 2879 728 2954 praecepturus
760 2878 827 2932 erat
856 2869 1020 2954 patefecit,
1058 2870 1217 2934 rationem

151 2977 353 3041 Platonicam
378 2986 506 3040 secutus
531 2985 588 3058 est,
614 2998 736 3040 morem
759 2988 865 3040 autem
881 2977 1109 3041 Aristotelium
1130 2979 1163 3040 in
1180 2999 1217 3040 eo

153 3083 238 3168 quod
261 3083 477 3168 principatum
502 3083 729 3168 disputationis
757 3106 855 3168 penes
879 3085 985 3168 ipsum
1010 3107 1081 3148 esse
1105 3084 1218 3147 maluit

152 3189 206 3274 (cf.
236 3189 277 3254 ad
303 3191 374 3254 Att.
405 3191 456 3273 13,
489 3191 539 3271 19,
570 3185 615 3272 4).
661 3189 705 3253 Et
733 3199 842 3254 tamen
873 3189 1049 3255 honorifico
1079 3191 1218 3276 quodam

152 3298 248 3362 modo
282 3297 440 3361 secundas
475 3308 583 3382 partes
618 3297 707 3361 dedit
734 3298 815 3379 filio,
853 3306 962 3383 utpote
996 3299 1051 3383 qui
1077 3300 1126 3363 rei
1153 3322 1219 3362 non

153 3412 239 3470 esset
261 3404 445 3489 imperitus,
476 3406 585 3489 itaque
610 3405 699 3469 cuius
723 3405 926 3489 potissimum
952 3427 1049 3470 causa
1072 3406 1218 3470 libellum

154 3513 373 3577 conscriberet
401 3512 611 3595 significavit3
648 3534 842 3597 quamquam
869 3512 945 3576 inde
975 3514 1124 3598 colligere
1154 3537 1219 3576 non

152 3621 229 3684 licet
251 3620 392 3685 voluisse
417 3643 490 3684 eum
512 3620 707 3684 Partitiones
737 3621 842 3684 minus
871 3643 967 3705 quam
991 3619 1113 3706 Topica
1137 3642 1220 3704 quae

153 3728 195 3792 ad
219 3728 408 3793 Trebatium
435 3728 524 3792 misit
547 3728 582 3791 in
605 3728 779 3791 multorum
803 3751 916 3793 manus
940 3729 1050 3793 venire
1074 3724 1128 3811 (cf.
1153 3738 1218 3811 top.

155 3836 206 3917 19,
234 3832 298 3918 72).
345 3835 416 3899 Iam
440 3837 557 3920 quibus
582 3836 687 3900 causis
712 3835 868 3899 adductus
893 3833 1007 3900 Cicero
1023 3834 1223 3898 Partitiones

154 3943 202 4006 sic
226 3943 474 4008 conformaverit
501 3967 559 4029 pro
588 3954 674 4008 certo
705 3943 768 4007 dici
797 3967 862 4007 non
889 3952 1005 4028 potest.
1052 3941 1100 4005 Aa
1124 3939 1222 4006 Cato-

154 4071 229 4144 nem
246 4047 439 4114 Censorium
463 4051 502 4114 ad
518 4050 665 4115 Marcum
688 4051 791 4114 filium
817 4049 855 4113 de
880 4060 947 4113 arte
972 4048 1099 4112 dicendi
1122 4048 1221 4133 scrip-
