2746 4560
569 223 611 287 29

55 401 239 484 mationem,
264 402 515 487 perorationem3
540 422 620 485 quas
641 410 749 485 partes
765 402 881 466 iterum
897 403 944 467 ita
960 402 1127 467 distribuit

54 519 90 572 ut
114 508 193 574 duas
218 508 259 572 ad
282 518 406 572 motum
431 507 530 570 animi
554 506 764 589 incitandum,
791 508 870 574 duas
895 509 935 573 ad
958 510 1057 574 fidem
1079 510 1125 574 fa·

54 616 202 681 ciendam
226 617 387 701 pertinere
409 615 495 678 dicat
511 610 557 697 (1,
574 615 609 697 43
635 616 664 694 8,
684 612 751 695 27).
798 616 1000 682 Adulescens
1017 628 1124 682 autem

55 747 113 788 sex
130 746 202 789 6666
226 722 382 787 orationis
398 731 507 806 partes
525 730 690 803 statuerat,
715 720 766 785 his
791 745 870 807 quas
887 725 1125 788 nominavimus

54 831 209 895 adiuncta
243 839 275 894 et
309 829 482 915 partitione
517 841 549 891 et
572 827 823 914 reprehensione
847 825 901 912 (de
924 831 989 894 inv.
1017 833 1044 913 1,
1072 833 1124 913 14,

56 935 123 1020 19).
170 939 203 1002 Α
227 960 290 1022 quo
319 935 438 1000 iudicio
472 935 639 1020 paululum
675 935 827 1001 discessit
861 937 894 1000 in
925 937 981 1001 lib.
1012 938 1051 1001 de
1079 961 1125 1002 or.

54 1045 140 1109 Nam
158 1044 219 1109 etsi
236 1052 389 1107 consueta
411 1041 507 1107 huius
523 1042 569 1106 rei
590 1051 763 1127 praecepta
785 1042 928 1108 referens
945 1065 1003 1107 sex
1019 1054 1126 1129 partes

54 1153 90 1215 in
119 1151 223 1236 primo
252 1150 335 1213 libro
364 1150 527 1213 Antonius
564 1159 752 1234 septemque
787 1150 822 1213 in
857 1150 958 1214 altero
988 1148 1127 1216 Crassus

57 1267 226 1323 enumerat
247 1251 291 1340 (1,
317 1258 368 1339 31,
396 1257 473 1332 1433
499 1257 528 1337 2,
556 1257 606 1338 19,
634 1252 699 1338 79),
725 1257 795 1341 ipse
811 1257 975 1322 Antonius
1000 1258 1033 1321 in
1059 1258 1127 1321 suis

57 1363 238 1450 praeceptis
259 1363 425 1428 tradendis
446 1364 588 1449 quinque
609 1364 739 1427 omnino
761 1373 869 1448 partes
890 1365 1031 1450 exponit.
1071 1364 1140 1453 Di-¹

58 1472 256 1556 gressionem
280 1471 366 1535 enim
390 1494 473 1557 quae
497 1471 615 1536 dicitur
642 1473 871 1557 praetermittit
899 1481 931 1536 et
959 1475 1128 1538 confirma-

58 1579 179 1643 tionem
201 1578 548 1664 reprehensionemque
571 1580 618 1643 ita
641 1581 812 1643 coniuncta
836 1603 907 1645 6666
929 1580 1130 1645 demonstrat

60 1695 94 1749 ut
117 1688 214 1750 unam
237 1686 400 1771 quandam
424 1687 458 1749 in
484 1687 590 1751 causis
619 1687 778 1751 rationem
807 1687 933 1751 efficere
957 1688 1128 1752 uideantur

57 1791 111 1876 (de
133 1816 177 1857 or.
200 1794 230 1877 2,
254 1795 305 1878 77,
329 1791 531 1876 315-332).
578 1794 685 1859 Abest
699 1804 866 1879 praeterea
885 1795 1040 1860 orationis
1056 1818 1128 1881 par·

56 1902 144 1965 tibus
167 1901 201 1965 in
225 1900 362 1965 Oratore
386 1910 418 1965 et
441 1901 476 1964 in
493 1900 633 1986 TopiciS,
659 1924 756 1986 quem
779 1900 821 1964 ad
845 1901 976 1966 modum
999 1903 1033 1965 in
1050 1901 1127 1966 Par-

56 2009 236 2091 titionibus,
260 2009 392 2093 partitio
417 2005 477 2090 (or.
500 2009 551 2090 35,
580 2009 657 2091 1223
682 2019 748 2094 top.
766 2010 818 2090 26,
845 2004 911 2091 97).
958 2009 994 2073 Id
1020 2019 1127 2073 autem

55 2117 141 2180 inter
165 2103 224 2180 hos
247 2116 444 2180 novissimos
468 2116 570 2179 libros
594 2115 729 2179 interest
744 2115 831 2200 quod
847 2117 1069 2180 tantummodo
1093 2117 1128 2180 in

56 2222 145 2286 Part.
163 2219 218 2287 Or.
244 2233 382 2307 quatuor
409 2221 565 2286 orationis
593 2230 702 2307 partes
732 2223 772 2285 ad
804 2221 883 2287 duas
906 2225 1056 2288 notiones
1079 2247 1125 2288 re·

56 2329 214 2393 feruntur.
261 2325 368 2407 Quam
392 2329 653 2394 distributionem
676 2330 823 2414 pluribus
847 2330 926 2395 locis
951 2340 1129 2417 spectatam

57 2433 103 2520 (1,
129 2437 165 2518 43
191 2437 221 2519 8,
247 2437 306 2518 27,
336 2437 366 2518 8,
393 2437 449 2518 3Ο;
480 2437 510 2518 9,
537 2437 592 2517 31;
623 2439 674 2519 10,
702 2433 758 2518 34)
781 2447 914 2522 apparet
938 2437 1128 2503 Ciceronem

56 2567 125 2608 non
148 2543 214 2607 levi
247 2552 411 2607 momento
447 2543 647 2608 aestimasse.
693 2543 833 2609 Mutavit
867 2546 966 2630 igitur
1000 2547 1129 2631 saepius

57 2651 255 2716 sententiam
278 2672 369 2713 suam
394 2649 433 2713 de
449 2651 621 2735 partitione
637 2651 792 2716 orationis
809 2652 867 2717 sed
882 2653 929 2716 ita
952 2663 987 2717 ut
1010 2676 1129 2717 novam

59 2780 222 2844 quamque
250 2756 511 2821 distributionem
541 2759 704 2843 superiore
733 2759 963 2844 simpliciorem
998 2782 1069 2824 esse
1097 2770 1131 2823 et

60 2866 294 2930 accuratiorem
317 2865 415 2929 vellet
443 2865 662 2950 paulatimque
691 2888 725 2930 se
753 2866 794 2930 ad
821 2867 980 2930 rationem
1003 2866 1129 2930 Aristo·

59 2973 170 3036 teliam
192 2983 361 3037 revocaret
384 2968 438 3055 (cf.
455 2973 558 3037 Arist.
576 2972 670 3037 Rhet.
689 2981 718 3055 3,
739 2968 845 3055 13)¹⁰).

419 3150 449 3215 6.
481 3149 538 3213 De
562 3150 764 3236 principio.

152 3289 352 3377 Principium
385 3302 493 3358 autern
523 3292 557 3356 in
581 3292 815 3359 Partitionibus
839 3303 894 3357 aut
918 3317 959 3358 ex
981 3295 1129 3379 personis

62 3407 119 3462 aut
142 3419 183 3462 ex
204 3398 302 3462 rebus
335 3399 465 3464 ductum
495 3401 563 3465 eius
592 3400 680 3464 modi
704 3423 776 3466 esse
799 3401 889 3465 iubet
913 3401 1027 3486 utqui
1051 3401 1131 3465 dicit

61 3504 175 3588 amice,
200 3505 432 3591 intellegenter,
458 3518 644 3593 attenteque
668 3508 818 3573 audiatur
841 3505 885 3592 (8,
905 3504 974 3591 28);
1011 3509 1129 3593 quibus

59 3612 170 3677 verbis
209 3611 363 3679 adhibitis
401 3615 596 3679 limatiorem
634 3615 799 3700 aliquanto
842 3616 994 3700 principii
1031 3615 1129 3699 parti·

59 3720 183 3784 tionem
216 3719 359 3785 reddidit
392 3744 490 3806 quam
524 3722 558 3785 in
589 3721 646 3785 lib.
672 3721 711 3785 de
734 3724 800 3785 inv.
826 3721 993 3784 6116111).
1020 3719 1059 3782 de
1083 3742 1127 3784 or.

61 3838 93 3891 et
115 3826 151 3891 in
174 3823 312 3892 Oratore
335 3837 367 3892 et
389 3828 425 3892 in
449 3826 589 3913 Topicis.
637 3826 722 3890 Nam
753 3827 825 3911 plus
862 3837 968 3890 orator
997 3826 1129 3890 exordio

152 4056 184 4125 10)
203 4055 236 4111 ci.
257 4055 276 4108 J
278 4053 372 4109 entaoh
390 4055 408 4110 l.
421 4055 449 4125 l.,
468 4074 495 4126 p.
508 4055 552 4110 24.
