2746 4560
667 207 711 293 55

151 405 303 489 iustitiae,
344 406 483 492 primum
522 417 558 470 ut
595 431 636 471 ne
673 408 723 470 cui
757 408 821 472 nisi
850 408 968 472 iniuria
994 408 1137 472 lacessiti
1166 432 1221 472 no·

152 535 290 597 oeamus,
317 513 433 577 deinde
458 525 493 578 ut
517 515 741 579 communibus
757 539 814 600 pro
832 516 1064 598 communibus,
1087 517 1221 601 privatis

151 643 209 705 pro
234 621 355 684 nostris
380 632 516 685 utamur.
547 618 611 700 Qui
636 633 743 686 autem
766 623 824 686 fiat
848 633 882 686 ut
905 645 1001 707 quem
1025 623 1066 688 ad
1090 622 1221 686 modum

151 750 217 791 non
263 727 375 791 deceat
417 751 589 793 noceamus
633 741 689 792 aut
733 731 957 794 communibus
1000 753 1057 815 pro
1100 731 1221 794 nostris

150 845 289 917 utamur,
326 835 450 900 duobus
486 836 663 900 iniustitiae
691 837 864 919 generibus
889 838 1045 922 expositis
1070 837 1219 919 ostendit,

152 943 180 1006 si
205 942 340 1006 iniurias
364 943 502 1007 nocendi
528 966 625 1008 causa
647 944 711 1029 ipsi
741 944 779 1007 de
807 943 968 1008 industria
990 943 1165 1008 inferamus
1190 954 1222 1008 et

152 1050 180 1114 si
205 1049 341 1114 aliorum
366 1051 483 1134 quibus
507 1050 644 1114 iniuriae
669 1050 847 1115 inferantur
878 1051 1097 1120 defensionem
1131 1073 1221 1136 prae·

152 1157 367 1221 termittamus
403 1153 447 1240 (1,
475 1160 503 1236 7,
529 1153 685 1242 23sqq.).
739 1154 885 1236 Quorum
921 1181 1075 1242 generum
1107 1179 1222 1222 causae

153 1263 304 1350 deinceps
341 1265 536 1350 aperiuntur,
580 1267 705 1350 prioris,
747 1266 833 1350 quod
869 1288 964 1351 saepe
998 1274 1144 1329 metuant
1167 1263 1221 1327 ho-

151 1371 255 1436 mines
279 1371 493 1454 incommoda,
518 1372 707 1457 plerumque
731 1384 838 1436 autem
855 1373 961 1436 aliena
977 1372 1220 1457 concupiscant3

150 1479 339 1563 posterioris
368 1479 402 1560 (ἓ
424 1477 495 1561 24),
526 1479 612 1563 quod
644 1480 841 1561 inimicitias,
880 1481 1034 1560 laborem,
1075 1492 1221 1564 sumptus

153 1587 315 1672 suscipere
342 1586 449 1649 nolint
481 1596 536 1650 aut
563 1587 778 1671 neglegentia,
815 1588 955 1672 pigritia,
992 1587 1116 1668 inertia,
1154 1587 1221 1650 suis

152 1692 277 1775 studiis,
319 1693 392 1756 aliis
431 1694 499 1758 eius
539 1694 626 1757 modi
663 1695 761 1759 rebus
800 1695 1027 1779 impediantur.
1091 1690 1221 1758 Similes

152 1812 228 1864 sunt
265 1801 363 1883 igitur
402 1800 569 1885 utriusque
608 1802 735 1883 generis
776 1823 901 1865 causae.
951 1800 1101 1864 Metuunt
1135 1801 1222 1864 enim

151 1909 297 1972 homines
326 1908 514 1972 inimicitias
544 1909 706 1992 suscipere
735 1918 767 1971 et
791 1908 965 1993 cupiditate
991 1906 1129 1991 quadam
1165 1908 1221 1971 otii

152 2026 207 2079 aut
233 2015 474 2099 possessionum
499 2014 629 2078 adducti
654 2038 742 2078 suam
768 2037 835 2078 rem
860 2015 1052 2078 familiarem
1075 2025 1107 2078 et
1130 2037 1222 2079 suam

83 2147 93 2155 ·
153 2145 283 2206 operam
323 2143 496 2204 curamque
539 2121 580 2184 ad
624 2143 827 2184 communem
865 2121 1038 2185 utilitatem
1078 2121 1221 2185 conferre

153 2229 276 2291 nolunt.
322 2228 380 2303 Ita,
401 2227 534 2310 iustitia,
572 2250 667 2312 quem
691 2228 732 2298 ad
754 2229 885 2292 modum
908 2228 1072 2311 fortitudo,
1110 2228 1224 2293 eodem

155 2356 217 2418 quo
240 2335 275 2398 in
299 2334 533 2399 Partitionibus
558 2335 703 2418 refertur,
740 2335 782 2399 ad
811 2335 968 2420 regendos
993 2335 1093 2400 animi
1117 2345 1222 2400 motus

156 2440 412 2525 cupiditatesque
436 2441 660 2506 moderandas.
707 2444 853 2528 Apparet
876 2443 983 2526 igitur,
1008 2444 1144 2527 singulis
1160 2444 1223 2508 vir·

153 2549 276 2612 tutibus
313 2549 515 2631 examinatis,
552 2550 734 2614 universam
763 2551 857 2614 unius
882 2550 1035 2635 cuiusque
1058 2541 1224 2615 notionem

152 2656 186 2719 in
209 2655 266 2720 lib.
293 2656 331 2720 de
356 2656 409 2720 off.
435 2656 548 2720 eodem
571 2656 637 2729 fere
665 2657 760 2722 modo
796 2668 891 2743 atque
927 2659 961 2722 in
989 2658 1222 2722 Partitionibus

154 2763 362 2828 determinari
385 2787 490 2848 neque
514 2765 771 2848 magnitudinem
795 2766 894 2829 animi
923 2767 1152 2849 iustitiamque,
1188 2773 1223 2826 ut

150 2871 185 2934 in
208 2871 289 2956 ipsis
314 2871 353 2935 de
377 2872 430 2936 off.
455 2873 547 2936 libris
573 2873 763 2937 constitutas
789 2896 827 2936 ac
856 2873 1016 2953 definitas,
1050 2872 1223 2954 quicquam

150 3001 222 3043 esse
258 2980 321 3044 nisi
357 2980 501 3044 diversas
537 2981 769 3065 temperantiae
807 2980 937 3043 formas.
989 2978 1085 3042 Ratio
1123 2977 1222 3060 igitur

152 3086 337 3170 postulabat
372 3096 406 3150 ut
441 3088 539 3151 etiam
562 3087 596 3150 in
620 3085 671 3150 his
695 3087 788 3151 libris
811 3086 1042 3170 temperantiae
1066 3085 1221 3148 fortitudo

150 3204 182 3257 et
208 3194 332 3257 iustitia
356 3195 587 3258 subicerentur.
635 3194 709 3258 Non
734 3194 819 3257 enim
845 3195 898 3277 qui
924 3194 992 3258 eius
1016 3193 1103 3257 modi
1124 3193 1220 3278 parti·

150 3301 272 3364 tionem
301 3282 576 3385 reprehenderunt
599 3297 653 3383 (cf.
677 3301 765 3365 Mad.
790 3301 831 3364 ad
856 3298 924 3366 Cic.
950 3301 989 3365 de
1012 3303 1067 3366 fin.
1089 3302 1120 3384 4,
1138 3303 1168 3382 2,
1186 3295 1221 3382 4)

152 3407 232 3471 satis
257 3406 407 3471 videntur
431 3408 629 3491 singularum
653 3409 808 3473 virtutum
837 3418 1009 3494 praecepta
1032 3408 1220 3473 attendisse.

154 3513 210 3576 An
235 3512 321 3597 quod
346 3537 365 3577 a
389 3512 523 3579 Graecis
547 3516 581 3579 in
604 3515 665 3579 hac
693 3538 727 3579 re
751 3512 866 3579 Cicero
891 3516 1048 3580 dissidere
1073 3514 1220 3597 audebat,

153 3620 226 3685 ideo
250 3643 319 3684 rem
342 3623 525 3686 necessario
550 3625 692 3708 corrupit
715 3634 746 3688 et
763 3623 972 3709 depravavit?
998 3625 1102 3687 Immo
1119 3624 1220 3688 multo

152 3729 257 3813 magis
291 3729 326 3792 in
355 3751 461 3792 errore
490 3739 559 3793 erat
582 3732 668 3814 quod
692 3731 755 3795 sibi
778 3732 813 3794 in
836 3732 892 3795 lib.
918 3732 957 3795 de
982 3731 1034 3796 off.
1058 3754 1124 3794 non
1148 3754 1220 3796 con·

153 3837 261 3901 stabat
300 3835 358 3900 sed
396 3836 547 3900 usitatam
585 3860 690 3921 noque
728 3839 864 3922 singulis
905 3839 1076 3903 virtutibus
1109 3840 1219 3924 quales

151 3944 221 4029 ipse
246 3967 299 4008 eas
325 3943 498 4007 definiebat
533 3954 782 4010 consentaneam
816 3946 1021 4031 partitionem
1049 3946 1219 4012 retinebat.

152 4051 200 4114 At
225 4052 342 4116 dixerit
364 4051 501 4116 fortasse
526 4051 642 4138 aliquis
667 4050 858 4119 Ciceronem
881 4055 915 4118 in
938 4055 990 4120 his
1020 4054 1122 4140 libris,
1159 4056 1220 4120 etsi
