2746 4560
674 221 694 286 8

143 399 267 463 ,duntur
290 409 325 463 ut
349 397 481 464 difficile
505 399 547 464 sit
571 399 611 463 ab
635 398 686 463 his
710 399 768 464 illa
791 399 973 464 discernere
998 409 1030 464 et
1045 421 1215 484 segregare

147 505 344 592 minimeque
379 506 476 570 liceat
502 517 622 571 temere
651 507 760 570 omnia
788 529 869 592 quae
902 508 949 571 sic
978 507 1133 570 dicuntur
1158 529 1215 592 pro

150 614 236 678 veris
260 614 415 698 accipere.

238 717 303 784 Sed
328 743 410 806 quae
434 719 473 783 de
497 721 648 784 universa
676 722 833 785 sermonis
860 721 984 785 ratione
1009 721 1215 806 exposuimus

148 850 242 913 quem
278 826 319 892 ad
353 819 483 891 modum
513 826 554 890 ad
581 849 635 891 eas
660 827 764 892 libelli
787 838 894 914 partes
919 851 1001 913 quae
1026 839 1102 892 sunt
1125 837 1217 891 extra

148 945 250 999 artem
296 934 553 1020 interpretandas
600 935 791 1020 pertineant,
839 933 991 1020 deinceps
1037 933 1215 999 videamus.

148 1040 276 1121 Quibus
311 1042 344 1105 in
372 1041 518 1127 partibus
545 1040 714 1106 inductum
737 1040 884 1107 videmus
907 1043 1011 1106 filium
1034 1041 1152 1106 Latine
1177 1063 1216 1105 ex

148 1158 238 1233 patre
275 1149 458 1234 cupientem
492 1148 603 1212 audire
640 1171 721 1233 quae
750 1145 873 1214 Graece
903 1150 943 1214 ab
968 1172 1005 1213 eo
1030 1148 1069 1213 de
1091 1149 1216 1213 ratione

140 1254 276 1320 dicendi
300 1256 469 1341 acceperit,
496 1256 523 1319 si
548 1255 678 1340 quidem
701 1257 785 1340 patri
809 1257 888 1320 satis
918 1257 960 1321 sit
988 1257 1045 1320 otii
1068 1255 1166 1341 idque
1188 1255 1217 1319 ei

147 1366 283 1450 placeat.
333 1366 367 1429 Is
403 1374 510 1430 autem
544 1365 626 1429 nihil
650 1388 684 1430 se
712 1365 828 1430 studiis
851 1366 954 1430 Marci
983 1365 1140 1429 anteferre
1164 1362 1217 1427 de·

147 1482 307 1536 monstrat
330 1495 555 1557 summumque
579 1473 641 1537 sibi
666 1495 737 1537 esse
758 1475 859 1538 otium
876 1473 1028 1558 quoniam
1043 1470 1216 1556 aliquando

148 1579 253 1643 Roma
287 1580 427 1664 potuerit
459 1580 556 1645 exire.
603 1578 717 1666 Itaque
752 1583 875 1667 petenti
902 1581 981 1662 filio,
1018 1590 1053 1643 ut
1083 1579 1215 1643 mutatis

149 1686 296 1771 partibus
331 1687 394 1751 sibi
419 1709 438 1750 a
460 1695 551 1771 patre
586 1686 626 1751 de
660 1686 776 1752 iisdem
810 1689 906 1753 rebus
943 1687 981 1751 de
1011 1687 1129 1772 quibus
1163 1685 1217 1749 hic

84 1774 88 1787 ⁸
149 1791 273 1857 Graece
312 1793 414 1857 soleat
450 1793 650 1878 interrogare
689 1795 934 1879 respondeatur,
964 1781 1097 1857 ¹morem
1119 1789 1218 1876 ¹gerit

146 1899 295 1983 libenter,
333 1922 406 1964 cum
441 1900 484 1964 sit
516 1899 604 1965 illius
628 1900 690 1965 hoc
713 1900 808 1965 modo
834 1910 866 1965 et
890 1900 1048 1965 voluntati
1073 1898 1217 1964 satisfac·

148 2018 238 2070 turus
273 2016 305 2070 et
333 2007 502 2071 scientiam
525 2008 572 2071 rei
596 2017 786 2072 tentaturus.
836 2004 891 2072 Sic
914 2007 1014 2092 igitur
1036 2007 1072 2070 in
1095 2028 1213 2072 sermo-

148 2135 222 2177 nem
258 2112 297 2177 de
333 2113 480 2189 doctrina
515 2113 642 2178 dicendi
678 2114 902 2199 ingrediuntur
930 2111 986 2197 (ἐξ
1009 2114 1041 2195 1,
1060 2109 1105 2194 2).
1136 2112 1217 2178 Ἐκ-

151 2221 340 2306 plicatisque
377 2222 526 2286 omnibus
562 2223 709 2286 oratoriis
747 2223 976 2306 partitionibus
1004 2221 1217 2286 Academiam

149 2325 274 2409 Cicero,
311 2326 396 2391 unde
428 2351 482 2392 eas
512 2328 689 2394 effloruisse
724 2328 852 2411 fatetur,
887 2328 1037 2394 laudibus
1067 2328 1158 2392 effert
1186 2339 1218 2390 et

149 2457 246 2519 quam
270 2456 308 2497 ea
331 2435 375 2498 sit
398 2436 516 2498 oratori
540 2437 723 2499 necessaria
747 2436 888 2521 exponit.
929 2435 983 2500 Ad
1007 2457 1087 2521 quos
1110 2434 1216 2498 fontes

149 2541 177 2605 si
192 2539 322 2605 Marcus
347 2542 417 2626 ipso
442 2541 556 2605 aliisve
581 2541 716 2607 ducibus
740 2543 932 2629 pervenerit,
958 2553 990 2607 et
1012 2543 1127 2606 melius
1145 2564 1218 2606 eum

149 2647 344 2712 Partitiones
369 2647 545 2733 Oratorias,
572 2673 651 2735 quas
676 2651 897 2715 tantummodo
921 2649 1042 2714 indicia
1058 2649 1215 2734 quaedam

149 2755 373 2841 philosophiae
396 2755 613 2821 Academicae
638 2756 751 2822 haberi
774 2757 873 2841 iubet,
902 2756 1089 2842 intellegere
1113 2757 1217 2840 iisque

148 2862 249 2927 multo
285 2864 407 2928 maiora
441 2863 505 2927 alia
539 2885 732 2948 cognoscere
767 2886 862 2949 posse
890 2863 1043 2928 ostendit.
1090 2861 1217 2944 Quibus

150 2971 257 3035 verbis
298 2971 472 3034 excitatum
506 2971 609 3034 filium
644 2979 734 3034 tanto
768 2970 847 3035 facit
881 2971 1009 3035 illorum
1039 2969 1236 3038 studiorum,

150 3076 309 3141 desiderio
344 3078 534 3161 flagrantem
557 3087 593 3141 ut
616 3101 635 3141 a
657 3088 748 3163 patre
776 3101 909 3142 munere
939 3077 1120 3162 significato
1148 3077 1218 3140 nul-

148 3184 217 3248 lum
239 3185 343 3248 maius
367 3194 532 3268 exspectet
555 3181 611 3266 (ἐξ
630 3187 702 3267 139,
731 3182 818 3268 140).
867 3185 978 3250 Voluit
1001 3208 1077 3270 ergo
1102 3182 1217 3250 Cicero

150 3301 277 3376 tempus
316 3290 447 3376 aliquod
487 3291 649 3375 designari
689 3315 751 3377 quo
788 3293 866 3356 urbe
894 3292 989 3356 modo
1017 3292 1131 3356 relicta
1155 3315 1218 3355 una

151 3421 223 3462 cum
245 3398 313 3462 filio
337 3399 546 3462 rusticaretur
573 3399 664 3484 isque
690 3401 750 3464 etsi
780 3399 923 3463 nondum
951 3423 986 3464 se
1010 3400 1050 3464 ad
1075 3398 1218 3464 studium

151 3507 342 3571 contulisset
365 3505 598 3592 philosophiae,
635 3518 744 3570 tamen
769 3506 807 3570 de
832 3507 978 3571 doctrina
1001 3506 1130 3571 dicendi
1153 3529 1219 3570 non

151 3635 255 3699 pauca
293 3612 468 3678 didicisset.
515 3613 585 3677 Nec
620 3636 695 3677 vero
732 3635 772 3677 ex
804 3613 855 3678 his
892 3599 996 3678 elucet
1030 3613 1069 3677 de
1099 3635 1218 3678 verane

152 3720 289 3804 quadam
314 3717 428 3786 Cicero
460 3721 629 3785 occasione
665 3744 705 3784 an
734 3720 773 3785 de
801 3722 877 3786 ficta
905 3720 1075 3786 scribendo
1100 3720 1218 3805 cogita·

152 3828 243 3891 verit.
289 3827 367 3893 Plus
403 3838 510 3892 autem
545 3829 709 3913 aliquanto
746 3828 896 3913 quodque
919 3829 959 3892 iis
984 3850 1066 3912 quae
1090 3827 1218 3910 collegi-

153 3939 224 3997 mus
249 3936 366 3999 certius
391 3946 476 4000 esset
499 3936 541 4000 ad
563 3946 689 4022 tempus
719 3936 883 4001 scribendi
908 3935 1124 4000 deliniendum
1149 3957 1218 4021 per·

153 4062 283 4104 suasum
308 4039 394 4105 docti
417 4041 598 4106 habuerunt
621 4066 655 4108 se
678 4044 713 4107 in
736 4045 776 4108 iis
801 4066 883 4129 quae
907 4044 1126 4107 enarravimus
1148 4065 1218 4107 sen-
