2746 4560
637 250 679 314 75

120 426 155 488 in
178 424 413 490 Partitionibus
450 423 654 511 exposuisset
685 428 841 492 memoria
874 423 1038 493 tenuisse?
1083 427 1132 492 Eo
1160 427 1188 491 si

119 533 286 618 complura
309 544 492 618 spectarent
518 556 622 620 neque
651 535 714 600 alio
743 534 838 605 modo
867 535 1021 620 explicari
1044 545 1187 620 possent,

119 650 243 705 tantam
268 638 420 706 Ciceroni
454 641 629 705 memoriae
665 642 886 706 infirmitatem
916 642 1099 707 adscribere
1126 641 1188 706 for-

119 758 207 813 tasse
230 747 352 812 liceret.
399 749 494 812 Nunc
517 749 601 813 ultro
626 758 740 834 putare
763 773 829 813 non
852 749 929 814 licet
951 760 1017 814 tam
1042 749 1142 814 multa
1158 750 1189 814 ei

120 866 251 940 tamque
269 854 439 939 diligenter
455 856 620 919 elaborata
636 855 806 921 excidisse.
853 857 967 942 Neque
982 857 1189 941 neglegenter

121 961 244 1047 Topica
268 962 452 1046 conscripta
480 973 556 1027 sunt
582 971 618 1026 ut
646 962 687 1026 ad
710 986 809 1027 unum
833 962 1031 1027 Trebatium.
1078 961 1190 1026 Voluit
1271 947 1273 952 ¹

120 1071 206 1133 enim
231 1066 345 1134 Cicero
380 1069 527 1134 libellum
562 1070 595 1134 in
631 1070 767 1134 aliorum
802 1093 917 1135 manus
945 1071 1056 1135 venire
1084 1070 1188 1154 iisque

119 1177 406 1262 quamplurimum
423 1177 576 1262 prodesse
592 1174 646 1261 (cf,
663 1186 728 1263 top.
749 1179 798 1259 19,
819 1175 883 1260 72).
931 1173 996 1242 Sed
1011 1177 1091 1241 haec
1108 1199 1188 1262 quae

119 1283 215 1348 modo
247 1284 434 1368 collegimus
470 1284 592 1349 indicia
625 1286 697 1350 aliis
724 1287 893 1349 firmantur
921 1295 953 1349 et
986 1284 1190 1349 cumulantur

121 1413 203 1476 quae
228 1390 424 1456 Partitiones
454 1415 527 1457 cum
554 1393 647 1456 libris
673 1389 840 1457 Ciceronis
868 1391 1101 1477 philosophicis
1126 1392 1188 1456 col·

119 1499 204 1563 latae
229 1499 447 1586 suppeditant.
493 1499 618 1564 Eadem
654 1509 702 1564 est
736 1500 823 1563 enim
855 1500 1006 1563 universa
1033 1499 1188 1563 virtutum

120 1606 304 1671 distributio
328 1607 363 1670 in
385 1606 478 1671 libris
504 1606 542 1670 de
560 1606 675 1671 officiis
692 1628 773 1691 quae
789 1607 823 1670 in
839 1606 931 1671 libris
948 1606 987 1670 de
1002 1606 1188 1671 inventione

120 1724 152 1778 et
174 1714 208 1777 in
232 1714 324 1779 libris
349 1714 389 1778 de
412 1715 541 1796 finibuS,
566 1714 601 1778 in
625 1714 856 1778 Partitionibus
881 1723 989 1777 autem
1013 1713 1077 1777 alia
1092 1724 1188 1798 atque

120 1822 154 1885 in
178 1822 243 1886 illis
268 1822 360 1886 libris
384 1823 549 1907 multoque
574 1821 724 1885 subtilior
748 1831 779 1884 et
798 1821 937 1905 politior.
985 1816 1068 1885 Sunt
1091 1821 1193 1884 etiam·

120 1929 249 2013 singula
272 1939 440 2014 praeterea
462 1929 557 1992 huius
582 1928 644 1992 loci
661 1940 832 2013 praecepta
849 1928 1047 1991 accuratiora
1063 1929 1096 1991 in
1113 1927 1188 1990 Par·

119 2037 290 2101 titionibus
315 2059 411 2121 quam
434 2036 468 2099 in
493 2036 585 2100 libris
616 2035 654 2099 de
685 2035 815 2117 officiis,
853 2045 887 2098 ut
916 2035 954 2098 de
982 2057 1188 2098 numerorum

119 2144 244 2207 ratione
269 2165 350 2228 quae
374 2143 459 2206 inter
481 2143 616 2206 virtutes
647 2152 678 2206 ct
705 2144 799 2206 initia
827 2143 984 2206 virtutum
1011 2141 1190 2205 intercedat

120 2250 165 2334 (p.
183 2252 224 2314 51
244 2245 339 2336 sqq),
378 2250 416 2313 de
442 2250 601 2314 divisione
626 2250 815 2335 prudentiae
839 2246 884 2334 (p.
902 2245 967 2332 53),
1006 2249 1044 2313 de
1068 2248 1189 2332 magni·

120 2357 232 2420 tudine
267 2358 365 2421 animi
404 2356 573 2442 partienda
606 2355 650 2442 (p.
680 2358 722 2421 53
736 2351 820 2442 sqq.)
856 2356 957 2441 deque
996 2356 1189 2420 liberalitate

121 2463 174 2548 (pq
196 2466 239 2528 56
264 2461 349 2549 sqq.)
390 2476 422 2528 et
462 2464 656 2528 verecundia
690 2462 734 2550 (p.
764 2462 834 2547 58);
871 2487 952 2549 quae
993 2465 1113 2547 omnia,
1155 2474 1190 2527 ut

120 2571 219 2634 etiam
244 2594 387 2656 eaquae
412 2572 452 2635 ad
477 2572 725 2636 distinctionem¹
750 2573 906 2636 honorum
933 2572 1188 2636 necessariorum

120 2689 153 2742 et
176 2701 242 2742 non
265 2680 522 2743 necessariorum
550 2689 582 2743 et
610 2680 650 2742 ad
680 2679 919 2744 contentionem
948 2679 1127 2743 honestatis
1157 2687 1190 2742 et

120 2786 270 2851 utilitatis
305 2788 476 2872 pertinent,
515 2787 644 2851 credere
679 2798 792 2852 vetant
820 2787 1016 2850 Partitiones
1052 2787 1188 2872 scriptas

120 2916 192 2959 esse
227 2904 302 2959 ante
336 2895 437 2959 libros
474 2895 513 2958 de
548 2894 663 2958 officiis
692 2896 746 2979 qui
775 2904 849 2958 sunt
876 2895 939 2979 ipsi
967 2905 1040 2978 post
1068 2893 1189 2977 Topica

118 3001 262 3085 perfecti.

209 3109 321 3193 Longe
356 3120 463 3173 autem
499 3109 588 3173 aliud
620 3107 795 3171 Pideritius
832 3107 895 3171 sibi
931 3106 1065 3192 adsequi
1102 3106 1187 3171 vide·

120 3216 216 3279 batur
239 3217 384 3300 partibus
409 3216 604 3301 quibusdam
627 3215 843 3279 Partitionnm
871 3225 903 3278 et
927 3213 1073 3279 Oratoris
1103 3215 1189 3279 inter

121 3345 156 3386 se
181 3323 399 3402 conferendis,
430 3346 469 3388 ex
498 3346 561 3408 qua
590 3323 828 3407 comparatione
856 3331 1045 3406 argumenta
1072 3322 1187 3386 elicere

122 3430 245 3494 studuit
268 3431 385 3514 quibus
410 3431 496 3514 quod
526 3441 681 3494 statuerat
711 3430 879 3510 stabiliret,
908 3429 967 3494 hos
997 3429 1059 3493 duo
1086 3430 1187 3493 libros

120 3560 184 3601 uno
208 3536 384 3621 eodemque
407 3548 551 3623 tempore
575 3561 646 3603 esse
671 3533 920 3623 conscriptos¹⁴).
951 3534 1078 3602 Similia
1101 3537 1187 3600 enim

120 3647 153 3709 in
189 3645 229 3708 iis
266 3667 336 3709 esse
360 3644 442 3708 vidit
465 3647 639 3731 complura.
687 3643 751 3710 Sed
788 3646 865 3730 quid
900 3644 934 3708 id
962 3645 1119 3708 adrem?
1156 3654 1188 3708 et

120 3753 185 3817 alia
208 3752 309 3816 multa
332 3775 396 3816 non
422 3753 527 3817 minus
553 3753 672 3817 similia
694 3753 729 3816 in
745 3752 977 3817 Partitionibus
994 3762 1026 3815 et
1044 3752 1077 3814 in
1094 3751 1186 3816 libris

124 3860 164 3925 de
187 3860 383 3942 inventione,
420 3861 455 3923 in
478 3859 712 3924 Partitionibus
737 3869 769 3923 et
803 3860 837 3922 in
860 3858 952 3922 libris
988 3858 1026 3922 de
1051 3868 1185 3942 oratore,

210 4090 242 4157 ¹⁴)
264 4087 303 4144 cf.
323 4087 383 4144 Pid.
404 4087 446 4144 ed.
465 4087 537 4143 Part.
558 4086 603 4143 Or.
623 4105 705 4157 supra
723 4085 750 4154 l,
769 4085 890 4157 prolegg.
911 4088 963 4151 59·
