2746 4560
669 277 711 340 39

153 454 357 520 conficienda
387 454 574 538 disputatis,
611 475 714 538 pauca
742 454 831 517 addit
860 455 898 519 de
934 454 1088 519 variando
1123 464 1154 518 et
1178 455 1224 518 di·

156 562 350 647 stinguendo
375 557 419 644 (1,
445 562 497 642 41,
525 555 590 643 76),
616 582 751 645 quorum
776 561 895 625 similia
919 561 1078 647 quaedam
1109 562 1142 625 in
1165 562 1221 625 lib.

154 671 195 735 de
220 694 265 734 or.
290 671 441 754 leguntur
463 665 507 751 (2,
532 668 585 750 41,
613 662 700 749 177).
740 670 787 731 At
810 668 843 730 in
867 668 1101 734 Partitionibus
1125 669 1223 733 intro·

155 778 252 841 ducto
278 773 469 840 conficiendi
494 775 592 838 verbo
617 796 680 858 quo
706 796 743 837 ea
768 796 850 858 quae
873 775 1019 839 variandi
1036 776 1152 839 rationi
1169 797 1224 859 op·

155 885 262 970 posita
287 884 329 948 sit
353 881 541 964 declaretur,
566 882 718 945 universa
742 882 1029 965 argumentationis
1052 891 1223 967 praecepta

155 991 308 1077 bipertito
333 989 573 1075 dispertiuntur.
612 987 651 1051 In
677 988 878 1052 conficienda
901 988 998 1072 igitur
1022 1000 1222 1072 argumenta-

156 1100 244 1162 tione
268 1097 331 1161 duo
355 1118 473 1180 genera
493 1092 608 1160 Cicero
634 1095 805 1178 distinguit
828 1117 937 1158 eorum
963 1097 1142 1180 exquibus
1166 1096 1222 1159 ali-

155 1205 234 1290 quid
259 1203 405 1287 effieitur,
430 1225 493 1266 non
517 1202 616 1266 dubia
636 1211 667 1266 et
683 1202 874 1286 probabilia,
901 1224 982 1287 quae
999 1203 1110 1266 eadem
1128 1202 1222 1287 paulo

157 1322 231 1376 ante
245 1320 347 1376 certas
359 1333 466 1374 rerum
479 1321 572 1374 notas
585 1319 616 1373 et
630 1310 696 1373 veri
710 1308 829 1373 similia
841 1319 1012 1373 vocaverat
1025 1306 1080 1392 (ξὲ
1088 1310 1140 1392 34,
1149 1304 1221 1392 40);

156 1420 319 1504 similique
352 1418 478 1482 ratione
507 1440 544 1481 ea
574 1417 739 1481 distribuit
768 1440 848 1503 quae
876 1417 1131 1501 argumentando
1156 1417 1222 1480 effi·

156 1528 293 1590 ciuntur.
329 1525 440 1610 Ipsam
464 1536 629 1610 praeterea
645 1524 955 1607 argumentationem
973 1524 1134 1609 duplicem
1152 1546 1222 1588 esse

154 1636 201 1698 ait
229 1643 284 1698 aut
312 1633 354 1698 ad
381 1632 478 1696 fidem
510 1632 630 1696 directo
660 1642 859 1716 spectantem
889 1641 944 1695 aut
971 1631 1010 1694 ad
1041 1641 1163 1695 motum
1187 1653 1221 1695 se

154 1741 380 1805 inflectentem.
427 1739 466 1803 In
494 1740 601 1824 priore
629 1762 745 1822 genere
773 1738 840 1822 (13,
866 1734 924 1822 46)
953 1749 1059 1804 111111
1083 1740 1222 1825 primum

153 1847 278 1932 aliquid
305 1847 456 1932 proponit
485 1847 570 1930 quod
598 1847 725 1931 probet,
763 1845 878 1909 deinde
907 1869 945 1910 ea
973 1847 1071 1910 sumit
1106 1846 1221 1931 quibus

155 1956 286 2018 nitatur.
335 1950 442 2017 Sumit
464 1953 576 2036 igitur,
614 1953 660 2016 uti
685 1952 791 2017 dicere
815 1953 932 2034 solent,
970 1953 1222 2038 propositionem

154 2072 187 2125 et
211 2061 469 2146 adsumptionem
493 2056 617 2143 (λῆμμα
643 2069 674 2123 11
698 2054 905 2142 πρόσληψιν).
944 2059 1025 2124 Tum
1050 2060 1129 2125 baec
1147 2082 1221 2124 oon-

158 2170 266 2232 firmat
294 2166 500 2248 adhibendis,
538 2178 573 2230 ut
599 2166 744 2251 intellegi
768 2176 907 2251 oportet,
936 2156 1221 2252 approbationibus

158 2275 212 2351 (ef.
239 2274 277 2337 de
300 2274 366 2337 inv.
393 2277 421 2355 1,
449 2274 500 2354 37,
526 2274 567 2339 67
586 2267 681 2357 sqq.).
714 2272 882 2337 Postremo
907 2273 946 2336 ad
970 2274 1169 2359 propositum
1187 2296 1221 2339 se

153 2379 251 2444 refert
274 2390 370 2465 atque
394 2379 566 2444 concludit.
599 2378 695 2460 Quod
718 2380 816 2463 igitur
838 2379 930 2444 initio
957 2380 1081 2445 dixerat
1100 2404 1133 2445 11
1150 2404 1221 2466 pro·

154 2488 313 2570 baturum,
338 2487 372 2550 id
396 2509 482 2550 nunc
499 2487 721 2572 complexione
737 2487 869 2551 inducta
886 2488 1008 2572 colligit
1025 2511 1064 2552 ex
1081 2490 1120 2553 iis
1139 2511 1220 2575 quae

152 2595 311 2679 exposuit.
347 2593 420 2658 Hoc
443 2594 542 2678 igitur
566 2594 645 2658 illud
670 2604 720 2658 est
743 2595 986 2678 argumentandi
1013 2618 1113 2680 genus
1135 2595 1221 2680 quod

153 2703 186 2765 in
215 2701 270 2766 lib.
301 2701 340 2766 de
367 2704 433 2766 inv.
463 2702 666 2765 ratiocinatio
697 2711 839 2766 vocatur.
886 2703 936 2766 Ac
961 2725 995 2765 re
1019 2725 1095 2766 vera
1119 2725 1219 2785 genus

152 2819 202 2874 est
226 2809 392 2874 directum.
439 2808 532 2872 Nihil
556 2810 641 2872 enim
666 2810 721 2894 qui
750 2809 828 2872 dicit
852 2809 1014 2872 auditores
1042 2809 1145 2872 111111
1170 2831 1219 2872 co-

152 2927 260 2999 natur,
297 2916 354 2982 sed
381 2925 470 2980 recta
498 2917 550 2980 via
579 2916 788 3001 progrediens
817 2916 849 2978 id
874 2938 936 3000 quo
960 2915 1127 3000 pervenire
1152 2916 1221 2979 vult

152 3025 233 3109 petit
256 3036 374 3110 aperte.
421 3023 461 3087 In
491 3024 591 3087 altero
620 3032 727 3086 autem
755 3045 872 3105 genere
897 3023 958 3086 etsi
982 3031 1088 3087 orator
1112 3023 1217 3106 sumit,

151 3133 336 3215 confirmat,
368 3131 592 3216 complectitur
615 3126 649 3213 (ἓ
666 3131 708 3194 46
733 3125 841 3209 extr),
879 3138 975 3214 atque
998 3131 1045 3193 ita
1066 3129 1102 3193 in
1124 3130 1219 3194 ratio-

150 3237 314 3301 cinatione
338 3247 494 3321 versatur,
524 3248 631 3301 tamen
657 3259 719 3322 quo
744 3237 978 3320 argumentatio
1003 3246 1134 3323 spectet,
1160 3239 1220 3302 ini-

149 3346 197 3408 tio
221 3367 287 3407 non
310 3345 480 3426 significat.
525 3345 669 3408 Primum
693 3345 779 3408 enim
803 3345 974 3409 consilium
998 3368 1091 3410 suum
1115 3346 1219 3409 occul·

152 3462 200 3516 tat
235 3474 297 3537 quo
332 3453 435 3536 magis
463 3453 588 3517 animos
617 3476 727 3517 eorum
756 3454 810 3539 qui
839 3453 973 3517 audiunt
1008 3462 1217 3518 commoveat.

151 3557 237 3624 Sunt
260 3559 359 3643 igitur
382 3559 462 3622 baec
486 3560 729 3642 argumentandi
756 3583 874 3643 genera
898 3560 1044 3624 diversae
1060 3559 1218 3644 quaedam

151 3667 275 3730 formae
298 3666 564 3748 ratiocinationis,
590 3689 654 3729 non
678 3667 882 3730 ratiocinatio
907 3678 940 3730 et
957 3666 1110 3748 inductio,
1136 3688 1218 3750 quae

150 3795 272 3858 genera
303 3780 334 3835 et
361 3771 394 3834 in
423 3771 480 3836 lib.
510 3772 548 3835 de
577 3773 642 3835 inv.
668 3773 711 3854 (1,
739 3774 789 3851 31,
816 3773 856 3836 51
876 3767 962 3857 sqq.)
986 3782 1017 3836 et
1040 3772 1074 3835 in
1096 3773 1153 3836 lib.
1180 3772 1218 3837 de

150 3903 198 3945 or.
235 3888 447 3965 exponuntur.
481 3879 629 3942 ¹Etenim
664 3901 735 3942 cum
773 3880 937 3944 Antonius
972 3876 1016 3962 (2,
1052 3879 1104 3963 41,
1140 3876 1218 3964 177)

153 3987 394 4073 proponendum
425 3985 518 4051 docet
546 3985 623 4071 quid
652 3985 778 4050 adferas
802 3999 834 4051 et
857 4010 954 4072 quare
979 3987 1024 4050 ita
1048 3987 1090 4052 sit
1113 3996 1217 4052 osten·

151 4094 309 4178 dendum,
347 4095 488 4159 breviter
522 4094 801 4159 ratiocinationem
838 4095 1002 4160 describit.
1061 4094 1217 4180 Quaeque
